2941 4807
559 433 668 492 ὼ
998 428 1061 484 c.
1104 428 1337 485 PLINII
1380 426 1572 482 HlsT.
1615 426 1784 482 NAT.
1825 428 1963 503 Lm.
1989 426 2145 483 xvl.

468 604 475 611 -
555 583 756 656 quam
793 569 867 624 ut
901 579 936 623 e
969 554 1154 624 corio
1193 553 1354 623 fiant
1391 578 1406 620 ε
1452 568 1651 646 atque
1689 552 1887 621 etiam
1930 552 2320 645 supinarum
2358 549 2425 619 in
2466 545 2635 616 deli-³

556 704 691 773 cias
719 696 1191 769 cathedrarum
1224 696 1600 790 aptissimae.
1626 694 1870 766 Caedua
1899 692 2081 764 salici
2101 692 2437 779 fertilitas,
2473 691 2637 759 den-2

558 848 694 914 sior
725 850 1035 929 tonsura,
1071 864 1151 907 ex
1177 838 1372 907 brevi
1409 862 1641 933 pugno
1678 839 1933 924 verius,
1967 860 2170 930 quam
2204 840 2430 904 ramo:
2468 858 2634 921 non,

555 1003 634 1059 ut
672 986 919 1074 remur,
944 987 1014 1053 in
1056 982 1430 1052 novissimis
1469 980 1766 1069 curanda
1803 982 2060 1050 arbore.
2087 977 2354 1050 Nullius
2384 978 2637 1072 quippe

555 1133 765 1203 tutior
802 1144 902 1199 est
930 1126 1211 1211 reditus,
1244 1126 1608 1197 minorisve
1638 1122 1995 1219 impendii,
2021 1138 2138 1191 aut
2167 1134 2637 1218 tempestatum

559 1276 873 1348 securior.

1030 2245 1169 2312 Quae
1195 2239 1651 2322 praetelssalicem
1682 2241 1969 2317 alligando
1995 2242 2167 2298 utilia.

658 2466 902 2532 LXIX.
946 2465 1247 2532 Tertium
1283 2445 1504 2531 locum
1546 2465 1606 2532 ei
1650 2465 1721 2531 in
1766 2466 2197 2533 aestimatione
2250 2463 2425 2567 ruris
2469 2464 2639 2530 Cato

563 2607 919 2695 adtribuit,
950 2609 1371 2702 prioremque
1392 2583 1592 2701 quam
1619 2606 1905 2698 olivetiS‚
1927 2633 2259 2705 quamque
2278 2608 2647 2691 frumento,

564 2766 680 2821 aut
717 2753 974 2846 pratis:
1031 2778 1154 2821 nec
1208 2752 1364 2845 quia
1416 2752 1636 2822 desint
1693 2753 1825 2822 alia
1864 2752 2149 2823 vincula.
2199 2751 2540 2845 Siquidem
2580 2765 2647 2819 et

567 2894 836 2989 genistae
861 2947 879 2983 ‚
926 2907 990 2962 et
1030 2894 1301 2990 populi,
1346 2912 1413 2966 et
1455 2894 1620 2966 ulmi
1645 2914 1766 2984 ,et
1824 2898 2169 2992 sanguinei
2205 2896 2476 2964 frutices
2502 2946 2522 2983 ‚
2582 2908 2648 2962 et

563 3038 831 3108 betullae
853 3092 871 3128 ‚
914 3054 980 3109 et
1012 3040 1273 3109 arundo
1308 3040 1456 3110 fissa
1482 3092 1500 3128 ‚
1545 3055 1610 3109 et
1644 3039 2050 3128 arundinum
2092 3036 2249 3107 folia
2272 3090 2291 3124 ,
2324 3052 2401 3106 ut
2434 3040 2503 3107 in
2535 3039 2648 3107 Li-

565 3188 757 3280 guria
784 3239 802 3275 ‚
838 3200 905 3255 et
942 3185 1094 3254 vitis
1135 3187 1324 3279 ipsa«,
1364 3183 1723 3278 recisisque
1758 3183 2005 3253 aculeis
2036 3184 2188 3252 rubi
2218 3181 2542 3279 alligant,
2578 3197 2643 3253 et

567 3331 814 3400 intorta
858 3329 1145 3424 corylus.
1181 3330 1570 3422 Mirumque
1599 3343 1880 3397 contuso
1914 3326 2096 3423 ligno
2127 3327 2322 3398 alicui
2358 3330 2641 3422 majores

566 3472 653 3541 ad
676 3470 944 3541 vincula
977 3496 1116 3540 esse
1153 3472 1347 3540 vires.
1382 3467 1603 3538 salici·
1623 3485 1843 3538 tamen
1870 3472 2208 3565 praecipua
2243 3470 2382 3540 dos.
2409 3449 2641 3574 Findi-

568 3630 678 3684 tur
713 3617 954 3683 Graeca
998 3613 1242 3696 rubens
1269 3640 1284 3682 ε
1315 3611 1676 3682 ‘candidior
1710 3615 2022 3702 Amerina
2044 3666 2071 3716 2,
2106 3613 2220 3683 sed
2263 3599 2475 3708 paulo'
2505 3615 2638 3684 fra-

566 3756 785 3852 gilior,
817 3756 967 3825 ideo
1002 3754 1212 3824 solido
1249 3755 1412 3851 ligat
1441 3782 1638 3826 nexu.
1658 3754 1758 3825 'In
1791 3759 1946 3828 Asia
1981 3759 2108 3826 tria
2141 3782 2384 3852 genera
2402 3759 2640 3842 „obser-

441 3939 448 3940 ff
566 3916 744 3969 vant.
783 3902 1103 3996 Nigram-,
1148 3900 1479 3973 utiliorem
1511 3901 1914 3970 viminibus:
1956 3901 2346 3991 candidam,
2381 3903 2641 3999 agrico-

566 4042 779 4116 larum
834 4045 1111 4114 usibus:
1162 4046 1422 4114 tertiam
1455 4096 1474 4133 ‚
1526 4069 1674 4137 quae
1722 4046 2107 4116 brevissima
2161 4060 2304 4134 est,
2364 4044 2644 4116 helicem
