2941 4807
531 446 640 507 140
1012 438 1073 494 C.
1118 436 1351 494 PLINII
1390 437 1581 494 HIST.
1626 438 1796 494 NAT.
1840 438 1980 494 LIB.
2015 428 2174 493 XV1.

529 589 658 658 que
690 563 973 634 concisa.
1007 564 1274 651 Quibus
1296 579 1452 632 sunt
1489 566 1752 652 tubera,
1788 567 1882 633 sic
1910 580 2065 635 sunt
2102 565 2171 631 in
2201 586 2400 632 carne
2425 561 2613 658 glan-

530 708 658 780 dia.
688 713 767 777 In
804 710 896 811 iis³
925 733 1051 778 nec
1090 733 1258 776 vena
1279 762 1298 795 ,
1332 735 1455 778 nec
1486 709 1724 804 pulpa,
1759 708 2049 804 quodam
2083 706 2252 777 callo
2284 710 2505 778 carnis
2540 711 2608 777 in

528 874 597 918 se
637 846 1027 918 convoluto,
1088 851 1233 917 Hoc
1284 849 1835 942 pretiosissimum
1887 851 1955 917 in
2006 850 2176 918 citro
2210 902 2229 935 ,
2283 864 2350 918 et
2396 875 2607 919 acere.

530 997 769 1065 Cetera
806 1018 1185 1063 mensarum
1221 1018 1466 1088 genera
1498 984 1676 1062 fissis
1696 993 2045 1062 arboribus
2088 994 2502 1064 circinantur
2541 996 2611 1063 in

532 1135 809 1232 pulpam
846 1163 862 1205 ε
915 1133 1164 1231 alioqui
1217 1135 1472 1231 fragilis
1520 1151 1690 1206 esset
1742 1161 1910 1205 vena
1958 1138 2027 1204 in
2085 1137 2315 1205 orbem
2354 1137 2613 1207 arboris

531 1304 719 1350 caesa.
758 1281 950 1373 Fagis
983 1280 1274 1373 pectines
1309 1280 1665 1348 transversi
1701 1281 1769 1347 i'n
1803 1260 2045 1374 pulpa..
2065 1279 2264 1373 Apud
2296 1281 2613 1373 antiquos

535 1423 690 1493 inde
726 1437 793 1491 et
828 1423 1003 1491 vasis
1037 1424 1273 1492 honos.
1311 1392 1580 1491 Manius
1618 1424 1865 1493 Curius
1893 1424 2148 1516 juravit
2181 1448 2251 1491 se
2278 1447 2360 1491 ex
2387 1422 2618 1519 praeda

535 1567 704 1637 nihil
734 1568 1059 1661 attigisse,
1096 1583 1336 1660 praeter
1369 1579 1636 1660 guttum
1665 1567 1999 1662 faginum,
2022 1591 2157 1661 quo
2188 1566 2609 1636 sacrificaret.

533 1716 830 1809 Lignum
868 1713 937 1780 in
978 1709 1464 1806 longitudinem
1500 1711 1912 1780 fluctuatur:
1962 1727 2041 1780 ut
2090 1736 2237 1805 quae
2285 1736 2436 1805 pars
2484 1712 2618 1780 fuit

535 1860 632 1957 ab·
662 1858 918 1945 radice,
955 1854 1239 1925 validius
1273 1854 1449 1925 sidit.
1487 1855 1910 1943 Quibusdam
1951 1855 2159 1950 pulpa
2205 1856 2350 1925 sine
2386 1859 2577 1925 venis
2598 1908 2617 1944 ,

538 2024 721 2069 mero
752 1999 1031 2068 stamine
1060 2012 1126 2066 et
1154 1998 1340 2067 tenui
1371 2011 1652 2066 constat.
1688 1999 1846 2066 Haec
1881 1998 2168 2066 maxime
2191 1995 2434 2065 fissilia.
2459 1995 2613 2067 Alia

532 2142 752 2236 frangi
795 2141 1109 2211 celeriora
1131 2194 1150 2230 ,
1185 2165 1384 2234 quam
1418 2139 1614 2227 findi,
1650 2141 1890 2234 quibus
1929 2139 2133 2235 pulpa
2168 2165 2306 2208 non
2346 2155 2448 2208 est
2480 2165 2496 2208 :
2540 2153 2614 2208 ut

533 2286 694 2355 oleae
714 2338 733 2372 ,
770 2287 957 2355 vites,
1011 2288 1102 2355 At
1137 2309 1174 2353 e
1214 2285 1551 2354 contrario
1586 2299 1813 2379 ‘totum
1855 2310 1891 2353 e
1933 2308 2129 2354 carne
2170 2309 2411 2379 corpus
2453 2283 2605 2354 fico·

530 2436 701 2501 Tota
731 2456 916 2500 ossea
942 2444 1039 2499 est
1064 2428 1226 2515 ilex,
1256 2455 1537 2516 cornuS,
1569 2429 1799 2517 robur,
1840 2430 2086 2524 cytisus
2109 2482 2128 2519 ,
2165 2454 2428 2518 morus,
2455 2432 2610 2499 ebe-

534 2594 692 2659 nuS,
726 2567 935 2656 lotos,
973 2582 1038 2636 et
1077 2591 1225 2659 quae
1266 2567 1406 2634 sine
1441 2563 1911 2663 medulla-esse
1961 2565 2268 2634 diximus.

635 3576 888 3644 Ceteris
939 3577 1271 3671 nigricans
1321 3576 1524 3646 color.
1579 3576 1786 3645 Fulva
1833 3601 2074 3645 cornus
2098 3628 2117 3661 ,
2161 3577 2229 3644 in
2276 3572 2620 3644 venabulis

537 3720 704 3788 nitet
719 3772 736 3806 ,
765 3720 1069 3789 incisuris
1091 3721 1336 3790 nodata
1356 3735 1630 3816 propter
1652 3720 1978 3791 decorem.
2007 3720 2262 3792 Cedrus
2275 3773 2293 3810 ,
2320 3734 2387 3788 et
2414 3716 2582 3788 larix
2598 3770 2617 3804 ,

542 3881 608 3934 et
633 3867 982 3963 juniperus
1014 3869 1278 3937 rubent.
