2941 4807
550 373 661 449 39²
1011 377 1074 431 C.
1116 375 1345 431 PLINII
1385 376 1580 431 HIST.
1624 376 1801 454 NAT2
1838 376 1980 431 LIB.
2006 376 2192 431 XVII.

645 878 729 943 Et
743 875 1010 968 zizipha
1030 897 1241 967 grano
1263 888 1581 944 seruntur
1602 897 1829 944 mense
1849 874 2376 969 api‘ili.Tube1·es
2398 872 2652 942 meiius

549 1020 935 1087 inseruntur
981 1018 1049 1086 in
1103 1043 1325 1113 pruno
1375 1016 1699 1106 silvestri,
1749 1032 1815 1087 et
1872 1016 2051 1087 malo
2093 1034 2418 1102 cotonea,
2465 1030 2536 1084 et
2579 1017 2651 1086 in

548 1159 908 1231 calabrice:
941 1186 1017 1229 ea
1048 1176 1146 1230 est
1178 1162 1368 1255 spina
1404 1160 1743 1233 silvestris.
1781 1164 2247 1257 Quaecumque
2282 1163 2554 1256 optime
2585 1175 2653 1230 et

548 1330 776 1399 myxas
810 1307 1078 1400 recipit,
1108 1304 1362 1380 utiliter
1398 1321 1465 1374 et
1504 1306 1756 1374 sot-bos,

655 1496 680 1539 1
706 1497 763 1541 1.
805 1470 1073 1541 Plantas
1114 1496 1191 1542 ex
1237 1475 1597 1550 seminario
1635 1474 1997 1544 transferre
2029 1476 2099 1541 in
2144 1472 2326 1542 aliud
2349 1525 2370 1559 ‚
2418 1476 2651 1566 prin&

545 1640 747 1707 quam
771 1641 891 1684 suo
927 1616 1076 1686 loeo
1112 1632 1485 1713 ponantur,
1516 1641 1795 1712 operose
1821 1599 2093 1713 pnaecipi
2139 1618 2458 1706 arbitror,
2489 1615 2649 1686 licet

544 1758 977 1840 translatione
1013 1759 1170 1834 folia
1204 1759 1443 1830 latiora
1479 1760 1621 1830 fieri
1664 1762 2067 1856 spondeant,

1304 2041 1391 2092 De
1417 2038 1587 2092 ulmis
1615 2038 1883 2092 serendiS.

641 2263 789 2329 XV.
836 2260 1232 2348 Ulmorum,
1274 2262 1665 2354 priusquam
1709 2259 1880 2329 foliis
1912 2250 2318 2351 vestiantur,
2375 2288 2639 2334 samara

546 2402 917 2500 colligenda
939 2422 1039 2475 est
1059 2407 1239 2476 circa
1267 2408 1537 2489 martias
1557 2405 1891 2492 kalendas,
1916 2431 2129 2501 quum
2148 2402 2513 2477 flavescere
2539 2412 2641 2478 in-

543 2552 723 2645 cipit.
762 2549 1023 2619 Deinde
1056 2550 1263 2623 biduo
1295 2554 1364 2621 in
1404 2553 1641 2621 umbra
1677 2553 1921 2621 siccata
1956 2551 2278 2639 serenda,
2321 2551 2536 2621 densa
2568 2554 2639 2621 in

542 2696 852 2780 refracta,
865 2710 1043 2763 terra
1064 2718 1262 2789 super
1282 2697 1666 2764 minutatim
1687 2696 2002 2782 cribrata,
2021 2695 2463 2765 crassitudine
2481 2721 2634 2791 quae

544 2840 612 2906 in
653 2812 999 2932 (inpressis,
1042 2839 1289 2910 Pluviae
1327 2841 1378 2910 si
1423 2867 1559 2909 non
1611 2842 1927 2935 adjuvent
1953 2895 1971 2925 ‚
2007 2840 2393 2937 rigandum.
2433 2842 2633 2911 Defe-

541 2984 761 3053 rendae
796 3010 876 3053 ex
909 2964 1214 3054 arearum
1253 2987 1433 3055 venis
1478 3002 1628 3080 post
1661 3012 1912 3057 annum
1950 2989 2018 3054 in
2056 2985 2340 3063 ulmaria
2367 3039 2386 3072 ,
2426 2991 2636 3069 inter-

539 3129 717 3207 vallo
739 3128 954 3224 pedali
977 3132 1045 3199 in
1065 3155 1401 3225 quamque
1426 3147 1707 3224 partem.
1745 3132 2026 3200 Mai-itas
2061 3122 2280 3199 ulmos
2301 3145 2635 3202 autumno

539 3301 759 3345 serere
798 3275 1056 3363 utilius,
1089 3278 1245 3369 quia
1286 3293 1516 3346 canent
1549 3277 1839 3344 semine:
1877 3300 2034 3344 nam
2060 3299 2157 3344 eae
2182 3299 2222 3343 e
2254 3274 2505 3369 plantis
2537 3302 2637 3346 se-

537 3434 802 3487 runtur.
830 3424 909 3486 In
942 3421 1291 3491 arbustum
1326 3422 1791 3513 quinquennes
1816 3419 1942 3489 sub
1966 3420 2153 3491 Urbe
2178 3419 2631 3507 transiierunt,

537 3580 653 3633 aut
694 3565 817 3661 (ut
865 3565 1263 3658 quibusdam
1318 3561 1580 3657 placet)
1629 3589 1776 3658 quae
1830 3567 2139 3638 vicenum
2190 3564 2436 3658 pedum
2488 3591 2630 3634 esse

535 3725 901 3805 coeperunt.
947 3708 1184 3797 Sulco,
1221 3710 1335 3804 qui
1373 3710 1776 3791 novenarius
1815 3706 2085 3791 dicitur,
2121 3703 2481 3775 altitudine
2514 3732 2630 3801 pe-

536 3852 698 3922 dum
722 3854 964 3939 trium,
1004 3855 1148 3948 pari
1172 3851 1555 3938 latitudine⁷
1586 3864 1651 3919 et
1674 3874 1754 3918 eo
1782 3850 2071 3945 amplius
2091 3901 2110 3937 ,
2140 3852 2319 3919 circa
2352 3851 2623 3944 positaS,

491 4047 494 4050 >
532 3997 734 4105 pedes
785 4000 955 4068 terni
1008 3997 1307 4091 undique
1344 4021 1381 4064 e
1417 3978 1633 4072 solide
1687 3995 2196 4096 adaggenantur.
2256 3992 2500 4066 Aruias
2556 3995 2622 4063 id
