2941 4807
525 400 636 456 180
1011 401 1075 457 C.
1117 401 1350 457 PLINII
1392 400 1586 457 HIST.
1632 399 1804 455 NAT.
1850 399 1988 454 LIB.
2023 398 2184 453 XVI.

518 524 918 621 appellatur,
950 523 1141 595 lucus
1165 525 1443 618 antiqua
1476 524 1803 620 religione
1826 526 2063 594 Dianae
2096 535 2398 592 sacratus
2419 545 2461 591 a
2492 522 2620 594 La-

520 671 621 739 tio
640 721 660 762 ‚
695 668 877 740 velut
911 683 1055 739 arte
1087 667 1310 739 tonsili
1342 693 1534 739 colna
1571 647 1748 765 fagei
1783 669 2095 739 nemoris.
2134 671 2216 736 In
2250 667 2383 736 hoc
2421 664 2624 735 arbo-

519 839 665 885 rem
705 814 1016 884 eximiam
1059 827 1253 883 aetate
1295 829 1524 883 nostra
1563 812 1902 882 adamavit
1952 812 2305 882 Passienus
2345 809 2628 905 Crispus

521 959 625 1028 bis
661 956 939 1044 consul,
985 971 1216 1026 orator
1259 983 1275 1025 t
1319 958 1708 1053 Agrippinae
1758 956 2192 1026 matrimonio
2243 969 2310 1025 et
2354 955 2629 1025 Nerone

524 1082 836 1198 privigno
872 1100 1118 1172 clarior
1155 1116 1385 1196 postea
1417 1128 1433 1174 z
1479 1101 1769 1172 osculari
1808 1099 2302 1197 complectique
2333 1124 2484 1169 eam
2521 1124 2634 1169 so-

524 1223 719 1333 litus,
754 1246 957 1315 modo
994 1248 1241 1316 cubare
1274 1246 1397 1315 sub
1426 1271 1536 1336 ea,
1569 1248 1934 1339 vinumque
1964 1242 2061 1314 illi
2094 1241 2481 1313 adfundere.
2504 1244 2633 1314 Vi-

521 1392 675 1461 cina
717 1389 875 1462 luco
912 1406 1012 1461 est
1047 1390 1179 1461 ilex
1201 1444 1231 1476 ,,
1259 1407 1328 1460 et
1374 1392 1519 1486 ipsa
1557 1388 2047 1461 nobilisxxxw
2082 1390 2329 1484 pedum
2371 1388 2635 1459 ambitu

523 1534 819 1606 caudicis
851 1588 869 1624 ‚
913 1562 957 1605 x
1009 1537 1281 1606 arbores
1339 1536 1613 1605 mittens
1651 1534 1949 1629 singulas
1994 1533 2477 1629 magnitudinis
2533 1536 2636 1603 vi-

527 1680 748 1749 sendae
789 1706 805 1747 :
848 1678 1219 1774 silvamque
1251 1678 1391 1750 sola
1427 1680 1605 1749 facit.
1656 1687 1660 1691 ’

533 2440 675 2510 Quae
707 2441 902 2498 sedem
938 2442 1212 2500 nascendi
1245 2462 1405 2498 suam
1434 2462 1557 2500 non
1596 2444 1847 2500 habeant
1876 2465 1889 2499 ε
1943 2464 2070 2519 quae
2101 2445 2163 2501 in
2203 2444 2512 2505 arboribus
2549 2444 2644 2499 vi-

617 2548 756 2591 vant
775 2580 792 2607 ‚
837 2557 943 2594 nec
985 2540 1046 2593 in
1089 2551 1235 2595 terra
1268 2539 1422 2595 nasci
1454 2539 1692 2614 possint.
1711 2542 1949 2598 Genera
2001 2561 2195 2597 earum
2242 2561 2325 2597 1x.
2363 2541 2644 2616 Cadytas:

621 2634 1023 2709 polypodion:
1060 2637 1323 2710 phaunos
1352 2657 1365 2690 t
1406 2636 1869 2713 hippophaeston.

636 2861 848 2929 XCII.
888 2859 1104 2929 Edera
1141 2861 1363 2930 necari
1405 2863 1678 2932 arbores
1714 2869 1972 2931 certum
2006 2875 2125 2931 est.
2182 2860 2412 2932 Simile
2451 2861 2651 2955 quid-

540 3002 698 3072 dam
729 3019 796 3075 et
833 3007 903 3073 in
956 3007 1139 3075 visco
1170 3030 1187 3074 ε
1225 2992 1489 3075 tametsi
1541 3006 1900 3076 tardiorem
1931 3032 2160 3076 earum
2199 3007 2513 3101 injuriam
2548 3031 2657 3075 ar-

543 3148 927 3219 bitrantur:
962 3174 1252 3244 namque
1279 3164 1345 3219 et
1375 3151 1507 3220 hoc
1539 3138 1782 3247 praeter
1808 3151 2071 3223 fructus
2097 3151 2487 3246 agnoscitur
2513 3176 2652 3220 non

548 3293 618 3360 in
655 3295 1038 3364 novissimis
1066 3294 1391 3365 mirabile.
1421 3295 1753 3386 Quaedam
1775 3297 1956 3367 enim.
1984 3297 2265 3365 interra
2294 3295 2483 3392 gigni
2515 3320 2655 3364 non

522 3452 865 3533 possunt»,
887 3453 959 3507 et
980 3439 1050 3507 in
1077 3439 1433 3510 arboribus
1460 3452 1855 3512 nascuntur.
1883 3442 2195 3535 Namque
2222 3465 2433 3534 quum
2463 3466 2658 3510 suam

552 3550 948 3651 sedemnon
972 3583 1301 3673 habeant,
1336 3584 1407 3653 in
1440 3584 1662 3653 aliena
1700 3585 1937 3654 vivunt
1962 3637 1982 3674 ‚
2024 3585 2197 3654 sicut
2226 3586 2502 3655 viscum.
2538 3588 2659 3656 Est

551 3743 623 3797 et
663 3728 734 3796 in
755 3730 964 3830 'Syria
997 3728 1210 3798 herba
1242 3754 1391 3824 quae
1425 3745 1708 3800 vocatur
1744 3730 2047 3825 cadytas,
2082 3756 2220 3800 non
2253 3745 2520 3802 tantum
2548 3757 2658 3803 ar-

554 3875 833 3947 boribus
853 3929 874 3963 ,
900 3874 1016 3946 sed
1042 3877 1198 3972 ipsis
1226 3879 1430 3947 etiam
1464 3878 1674 3973 spinis
1709 3876 2246 3949 circumvolvens
2279 3902 2458 3948 sese:
2499 3881 2661 3949 item

552 4017 732 4091 circa
766 4022 1019 4115 Tempe
1038 4019 1442 4109 Thessalica,
1469 4045 1621 4114 quae
1646 4016 2056 4117 polypodion
2081 4037 2384 4112 vocatur,
2412 4038 2480 4094 et
2508 4049 2660 4120 quae
