2941 4807
496 414 607 472 186
949 418 1010 474 C.
1052 419 1291 475 PLINII
1332 417 1526 477 HIST.
1569 420 1742 476 NAT.
1785 421 1928 476 LIB.
1956 421 2115 477 XVI.

489 543 820 639 quidquid
836 545 1235 616 adnascatur
1256 544 1418 635 illis,
1448 572 1487 615 e
1511 546 1671 616 caelo
1695 549 1969 617 missum
1990 561 2265 643 putant,
2298 549 2594 642 signum·

493 714 624 783 que
646 715 784 760 esse
818 688 1043 760 electae
1080 693 1163 762 ab
1199 692 1346 789 ipso
1382 693 1509 764 deo
1538 693 1818 763 arboris.
1849 697 1967 762 Est
1999 706 2226 761 autem
2259 690 2329 761 id
2359 716 2593 760 rarum

494 835 859 914 admodum
910 838 1187 907 inventu
1211 891 1230 927 ‚
1279 852 1344 907 et
1389 852 1737 933 repertum
1776 863 2021 933 magna
2056 836 2382 932 religione
2420 838 2596 932 peti-

493 996 606 1050 tur
633 1006 649 1048 :
686 996 755 1049 et
788 993 943 1053 ante
977 983 1426 1085 omniahsexta
1463 981 1624 1052 luna
1651 1035 1670 1071 ‚
1722 1007 1870 1077 quae
1897 982 2231 1080 principia
2261 983 2599 1052 mensium

493 1151 963 1221 annorumque
986 1128 1091 1197 his
1123 1128 1311 1218 facit,
1338 1142 1403 1198 et
1433 1126 1656 1197 saeculi
1686 1142 1840 1223 post
1863 1128 2267 1197 tricesimum
2300 1151 2601 1210 anuum,

491 1274 652 1369 quia
669 1274 813 1366 jam
842 1274 1089 1344 virium
1116 1274 1385 1346 abunde
1405 1276 1681 1361 haheat,
1703 1300 1829 1346 nec
1864 1274 1950 1343 sit
1973 1276 2075 1342 sui
2105 1271 2398 1342 dimidia.
2423 1275 2598 1341 Om-

492 1420 604 1488 nia
644 1397 993 1490 sanantem
1021 1417 1439 1514 appellantes
1478 1444 1600 1489 suo
1642 1417 1972 1488 vocabulo
1996 1471 2015 1507 ‚
2054 1417 2390 1487 sacrificiis
2425 1442 2600 1516 epu-

495 1564 709 1659 lisque
757 1567 884 1634 rite
926 1566 1052 1634 sub
1090 1551 1329 1640 arbore
1369 1552 1792 1661 praeparatis,
1834 1565 2000 1636 duos
2036 1565 2394 1648 admovent
2436 1589 2602 1634 can-

493 1709 633 1778 didi
674 1708 917 1779 coloris
956 1724 1182 1779 tauros
1210 1763 1229 1800 ‚
1285 1737 1575 1808 quorum
1621 1736 1875 1780 cornua
1916 1726 2092 1780 tunc·
2111 1711 2406 1805 primum
2442 1710 2600 1777 vin-

338 1871 342 1876 ’
493 1856 778 1924 cianturL
814 1854 1133 1924 Sacerdos
1165 1854 1444 1925 candida
1475 1869 1657 1925 veste
1694 1852 1915 1926 cultus
1951 1856 2258 1926 arborem
2296 1852 2597 1922 scandit:

492 1995 664 2066 falce
705 2022 905 2080 aurea
944 1996 1262 2066 demetit:
1317 1997 1608 2070 candido
1671 1997 1741 2070 id
1791 1999 2126 2093 excipitur
2177 2023 2356 2093 sago,
2415 2000 2598 2066 Tum

497 2141 740 2210 deinde
791 2143 1092 2212 victimas
1148 2140 1540 2232 immolant,
1579 2156 1925 2237 precantes
1960 2156 2037 2210 ut
2087 2167 2286 2210 suum
2334 2140 2598 2210 donum

495 2284 660 2355 deus
695 2311 1085 2381 prosperum
1113 2286 1313 2356 faciat
1349 2287 1455 2357 his
1484 2288 1727 2386 quibus
1761 2286 2039 2355 dederit.
2077 2284 2595 2355 Fecunditatem

495 2458 576 2502 eo
610 2448 774 2528 poto
813 2433 956 2502 dari
996 2434 1396 2528 cuicumque
1423 2402 1828 2505 animalium
1874 2431 2082 2501 sterili
2129 2434 2592 2501 arbitrantur:

498 2594 1034 2648 contra‘venena
1077 2581 1300 2649 omnia
1344 2605 1486 2648 esse
1534 2579 1848 2649 remedio.
1900 2582 2116 2651 Tanta
2155 2581 2460 2675 gentium
2519 2581 2594 2651 in

499 2725 694 2797 rebus
732 2724 990 2796 frivolis
1019 2724 1415 2819 plerumque
1449 2724 1686 2820 religio
1722 2721 1859 2794 est!
