2941 4807
532 443 638 504 142
1018 439 1079 495 C.
1121 436 1354 493 PLINII
1393 435 1588 494 HIST.
1631 439 1801 495 NAT.
1831 434 1986 494 ‘LIB.
2015 437 2173 494 XVI.

643 562 754 658 39.
780 563 1001 630 Larix
1036 561 1282 630 femina
1314 561 1550 647 habet,
1591 586 1792 657 quam
1829 563 2048 652 Graeci
2082 575 2326 660 vocant
2358 559 2570 655 aegida
2595 613 2613 650 ‚

531 705 751 775 mellei
787 703 1048 773 coloris.
1092 706 1451 773 Inventum
1504 719 1604 774 est
1652 707 1986 801 pictorum
2029 702 2288 774 tabellis
2338 705 2615 773 immor-

532 849 696 937 tale,
730 848 1066 942 nullisque
1101 847 1301 926 fissile
1332 851 1551 937 rimiS,
1578 850 1707 919 hoc
1739 813 2018 945 lignum.
2050 849 2439 918 Proximum
2475 873 2614 917 me-

533 993 732 1063 dullae
771 1008 891 1063 est.
928 999 1006 1063 In
1037 994 1247 1063 abiete
1280 993 1514 1063 leuson
1546 996 1769 1064 Graeci
1809 1008 2069 1067 vocant.
2108 994 2309 1064 Cedri
2340 1018 2612 1088 quoque

532 1138 921 1225 durissima,
961 1161 1106 1231 quae
1141 1134 1447 1206 medullae
1487 1138 1792 1231 proxima
1821 1188 1842 1221 ‚
1882 1152 1958 1206 ut
1980 1139 2069 1205 -in
2109 1160 2391 1231 corpore
2426 1160 2619 1224 ossa,

529 1281 762 1352 deraso
798 1280 1001 1351 modo
1037 1281 1217 1351 limo.
1249 1286 1337 1352 Et
1366 1282 1664 1351 sambuci
1699 1282 2020 1350 interiora
2048 1282 2221 1350 mire
2252 1281 2448 1350 firma
2485 1294 2622 1349 tra·-

532 1426 806 1495 duntur.
841 1428 1154 1519 Namque
1183 1426 1301 1520 qui
1334 1424 1663 1494 venabula
1695 1450 1777 1494 ex
1814 1449 1892 1494 ea
1929 1425 2218 1506 faciunt,
2252 1425 2626 1520 praeferunt

527 1570 846 1639 ‘omnibus
879 1594 898 1637 ε
937 1583 1197 1638 constat
1231 1569 1411 1638 enim
1448 1594 1530 1638 ex
1575 1583 1729 1637 cute
1766 1583 1833 1636 et
1863 1569 2141 1637 ossibus.

1196 1889 1284 1943 De
1321 1887 1624 1970 arboribus
1657 1887 1956 1943 caedendis.

632 2113 947 2182 LXXIV.
987 2108 1168 2179 Caedi
1198 2111 1659 2204 tempestivum
1686 2135 1833 2204 quae
1868 2110 2385 2198 decorticentur,
2414 2125 2491 2179 ut
2525 2126 2623 2180 te·-

535 2271 748 2343 reteS,
778 2256 865 2326 ad
904 2253 1152 2349 templa
1185 2268 1537 2347 ceteraque
1578 2278 1738 2323 usus
1776 2227 2092 2344 rotundi,
2130 2278 2339 2349 quum
2374 2259 2623 2350 germi-

538 2418 734 2492 nant,
767 2400 930 2474 alias
955 2400 1202 2473 cortice
1234 2398 1717 2487 inextricabili,
1750 2416 1816 2469 et
1848 2401 2025 2471 carie
2053 2398 2493 2471 subnascente
2527 2403 2620 2489 ei,

540 2550 949 2643 materiaque
991 2547 1417 2641 nigrescente.
1474 2545 1689 2639 Tigna
1735 2559 1802 2613 et
1833 2546 2076 2639 quibus
2115 2545 2336 2614 aufert
2373 2549 2625 2617 securis

540 2695 891 2780 corticem,
927 2716 964 2759 a
998 2690 1235 2759 bruma
1272 2688 1356 2757 ad
1392 2690 1763 2759 Favonium
1795 2715 1810 2758 ε
1856 2705 1974 2759 aut
2008 2691 2063 2759 si
2102 2692 2464 2785 praevenire
2506 2718 2625 2763 co-

542 2861 800 2934 gamur,
833 2836 1103 2908 Arcturi
1127 2858 1401 2940 occasu,
1430 2849 1500 2903 et
1522 2849 1677 2904 ante
1702 2859 1857 2908 eum
1877 2832 2229 2904 Fidiculae:
2267 2837 2627 2907 novissima

543 2982 827 3067 ratione,
862 2978 1161 3048 solstitio.
1192 2979 1353 3048 Dies
1378 2978 1669 3047 siderum
1690 2980 1932 3048 horum
1957 2979 2277 3052 reddetur
2299 3003 2423 3050 suo
2446 2980 2619 3051 loco.

2176 3534 2195 3562 0

635 3582 861 3679 Vulgo
884 3588 1040 3655 satis
1062 3601 1304 3681 putant
1321 3587 1709 3674 observare,
1742 3611 1828 3654 ne
1859 3610 1991 3678 qua
2026 3584 2397 3654 dedolanda
2419 3586 2618 3654 arbos

535 3743 873 3798 sternatur
912 3746 1064 3799 ante
1103 3728 1312 3799 editos
1354 3755 1506 3799 suos
1547 3730 1820 3799 fructus
1858 3729 2094 3799 Robur
2132 3754 2288 3798 vere
2332 3754 2578 3797 caesum
2601 3782 2619 3817 ‚

537 3873 899 3944 teredinem
941 3876 1139 3943 sentit
1173 3902 1186 3942 ε
1232 3875 1470 3943 bruma
1512 3889 1734 3943 autem
1762 3927 1780 3961 ‚
1827 3899 2039 3967 neque
2070 3875 2366 3962 vitiatur,
2403 3899 2623 3972 neque

536 4017 908 4112 pandatur,
954 4018 1114 4087 alias
1155 4019 1520 4090 obnoxium
1573 4022 1770 4087 etiam
1825 4032 1898 4086 ut
1954 4032 2264 4112 torqueat
2311 4042 2449 4090 sese
2486 4018 2614 4087 fin·
