2941 4807
511 406 618 460 172
970 388 1033 444 C.
1075 388 1307 444 PLINII
1348 387 1538 444 HIST.
1583 388 1751 443 ΝΛΤ.
1795 389 1935 444 LIB.
1967 388 2125 445 xvh

507 514 743 608 preti0.
783 512 1009 583 Media
1039 536 1190 608 pars
1217 514 1536 582 arborum
1565 515 1868 607 crispior,
1901 530 1971 583 et
2005 539 2139 609 quo
2179 515 2453 608 propior
2490 539 2591 582 ra-

405 759 411 767 .
514 657 683 744 dici,
718 657 1090 727 minoribus
1119 637 1462 752 magisque
1491 655 1823 741 flexilibus
1854 658 2149 727 maculiS.
2185 629 2343 726 Haec
2374 659 2593 751 prima

510 804 703 897 origo
746 801 1058 890 luxuriae,
1116 803 1422 871 arborem
1476 802 1606 871 alia
1657 804 1906 897 integi,
1966 818 2034 871 et
2089 801 2357 871 viliores
2406 799 2594 896 ligno

512 947 935 1041 pretiosiores
969 948 1217 1017 cortice
1262 947 1425 1017 fieri.
1464 951 1561 1018 Ut
1604 972 1738 1016 una
1775 947 1976 1016 arbor
2009 947 2248 1041 saepius
2287 947 2596 1034 veniret,

511 1056 899 1185 excogitath
931 1105 1087 1160 sunt
1115 1106 1183 1159 et
1207 1090 1375 1186 ligni
1404 1092 1708 1161 bracteae.
1742 1093 1884 1161 Nec
1902 1091 2101 1159 satis:
2142 1114 2402 1184 coepere
2425 1091 2602 1184 tingi

513 1232 903 1303 animalium
936 1258 1220 1324 cornua,
1259 1234 1488 1303 dentes
1520 1236 1768 1303 secari:
1808 1233 2196 1330 lignumque
2231 1235 2433 1303 ebore
2465 1234 2604 1302 dis-

514 1383 771 1477 tingui,
813 1406 967 1450 mox
992 1384 1263 1477 operiri.
1289 1382 1548 1452 Placuit
1583 1381 1820 1451 deinde
1844 1384 2205 1460 ‚materiam
2238 1396 2304 1450 et
2330 1385 2607 1489 inmari

520 1526 750 1618 quaeri.
793 1526 1090 1599 Testudo
1132 1526 1201 1593 in
1239 1526 1369 1594 hoc
1415 1539 1611 1595 secta.
1650 1526 2023 1619 Nuperque
2057 1530 2462 1621 portentosis
2498 1528 2606 1595 in-

522 1672 732 1767 geniis
769 1672 1147 1766 principatu
1185 1673 1475 1741 Neronis
1512 1674 1861 1741 inventum
1882 1723 1901 1760 ‚
1940 1686 2017 1739 ut
2054 1674 2411 1767 pigmentis
2446 1700 2604 1769 per-

522 1815 707 1887 deret
735 1786 815 1884 se
839 1866 860 1901 ‚
910 1812 1256 1909 plurisque
1306 1815 1568 1885 veniret
1618 1816 1878 1885 imitata
1928 1813 2208 1910 lignum.
2254 1818 2363 1886 Sic
2417 1815 2606 1889 lectis

521 1959 741 2053 pretia
770 1971 1208 2051 quaeruntur:
1246 1958 1337 2026 sic
1375 1956 1833 2025 terebinthum
1869 1958 2045 2026 vinci
2074 1959 2310 2051 jubent
2329 2011 2348 2048 ‚
2389 1961 2483 2028 sic
2515 1963 2607 2030 ci-

523 2115 704 2170 trum
765 2101 1120 2195 pretiosius
1176 2100 1319 2169 fieri
1340 2153 1361 2192 ,
1414 2101 1509 2169 sic
1574 2125 1725 2169 acer
1780 2101 2015 2194 decipi.
2081 2102 2288 2207 Modo
2344 2102 2610 2174 luxuria

522 2271 662 2314 non
695 2246 912 2316 fuerat
944 2261 1258 2315 contenta
1284 2245 1467 2340 ligno
1493 2272 1509 2314 ε
1536 2246 1678 2338 jam
1705 2243 1966 2340 lignum
2002 2247 2183 2314 enim
2211 2272 2249 2316 e
2278 2249 2612 2319 testudine

521 2392 698 2463 facit.

523 3146 813 3203 Arborum
845 3146 1169 3203 durantium
1210 3158 1473 3204 vetustae.
1508 3147 1602 3204 Ab
1642 3145 1914 3204 Africano
1952 3143 2148 3216 priore
2192 3150 2326 3194 sata.
2363 3140 2433 3192 In
2476 3137 2618 3192 urbe

1192 3241 1378 3299 Roma
1405 3264 1442 3298 n
1472 3260 1752 3298 annorum
1783 3242 1971 3296 arbor.

633 3419 979 3489 LXXXV.
1041 3422 1156 3504 44.
1217 3419 1376 3488 Vita
1431 3419 1748 3486 arborum
1799 3411 2242 3510 quarumdam
2296 3411 2617 3476 immensa

508 3560 717 3629 'credi
760 3576 1016 3655 potest,
1058 3564 1111 3631 si
1145 3565 1294 3656 quis
1329 3561 1667 3658 profunda
1702 3559 1937 3628 mundi
1980 3573 2049 3627 et
2089 3554 2294 3625 saltus
2329 3555 2619 3649 inacces-

533 3731 643 3774 sos
683 3706 951 3800 cogitet.
976 3711 1232 3777 Verum
1261 3721 1351 3776 'ex
1389 3708 1494 3776 his
1528 3732 1694 3801 quas
1731 3703 2051 3773 memoria
2086 3673 2436 3769 horninum
2470 3721 2621 3765 cus-

543 3851 714 3920 todit
738 3904 757 3937 ,
803 3850 1053 3921 durant
1092 3853 1162 3920 in
1206 3853 1555 3922 Liternino
1602 3850 1897 3922 Africani
1939 3846 2183 3942 prioris
2225 3865 2429 3914 manu
2467 3852 2621 3909 satae

537 3991 753 4064 olivae.
786 3999 958 4065 Item
988 4012 1242 4093 myrtus
1271 3997 1506 4066 eodem
1534 3994 1683 4065 loco
1714 3994 2087 4087 conspicuae
2118 3983 2614 4082 magnitudinis.
