2941 4807
527 454 638 512 388
983 454 1045 509 C.
1087 452 1320 508 PLINII
1362 451 1555 508 HIST.
1602 449 1772 508 NAT.
1816 453 1954 508 LIB.
1986 454 2175 510 xvll.

1351 722 1441 776 De
1474 720 1802 776 seminariis,

638 951 819 1018 XIV.
864 950 1174 1041 Namque
1215 946 1300 1016 ad
1341 945 1408 1014 id
1455 947 1864 1040 praecipuum
1910 943 2064 1041 eligi
2100 943 2318 1015 solum
2368 945 2618 1032 refert5

523 1092 843 1186 quoniam
875 1092 1205 1160 nutricem
1236 1087 1797 1185 indulgentiorem
1825 1113 1965 1157 esse
1987 1141 2005 1173 ‚
2047 1093 2573 1183 quam{matrem
2596 1142 2618 1178 ,

524 1260 694 1330 saepe
732 1237 1068 1305 convenit.
1119 1235 1222 1306 Sit
1268 1260 1430 1331 ergo
1465 1236 1749 1322 siccum,
1794 1238 2278 1329 succosumque
2305 1287 2323 1323 ‚
2361 1233 2621 1329 bipalio

521 1380 903 1465 subactum,
926 1379 1198 1447 advenis
1231 1375 1590 1472 hospitale,
1627 1393 1693 1446 et
1721 1402 1923 1471 quam
1951 1376 2359 1447 simillimum
2389 1393 2617 1463 terrae5

520 1524 589 1590 in
624 1546 822 1615 quam
848 1520 1331 1593 ,transferendae
1362 1522 1516 1590 sint.
1550 1525 1722 1590 Ante
1746 1522 1971 1590 omnia
2000 1518 2439 1614 elapidatum,
2467 1546 2617 1590 mu-

521 1668 870 1760 nitumque
904 1667 990 1734 ad
1029 1667 1372 1735 incursum
1418 1666 1620 1734 etiam
1658 1664 2008 1759 gallinacei
2049 1666 2311 1759 generis
2341 1691 2357 1733 ε
2402 1689 2613 1759 quam

518 1810 791 1878 minime
833 1810 1159 1877 rimosum
1185 1860 1204 1896 ,
1267 1833 1349 1876 ne
1400 1821 1760 1902 penetrans
1805 1806 1902 1876 sol
1935 1823 2173 1877 exurat
2211 1807 2459 1876 fibras:
2506 1807 2611 1877 in-

518 1950 798 2022 tervallo
835 1919 1299 2045 sesquipedum
1333 1952 1459 2019 seri
1491 1977 1506 2019 :
1548 1975 1705 2019 nam
1748 1952 1799 2018 si
1845 1950 2024 2019 inter
2061 1976 2129 2018 se
2172 1952 2610 2046 contingant,

516 2107 757 2187 praeter
805 2092 936 2162 alia
967 2092 1126 2161 vitia
1155 2143 1174 2178 ,
1227 2093 1429 2160 etiam
1481 2092 1857 2161 verminosa
1908 2091 2130 2162 fiunt:
2190 2091 2340 2161 ideo
2375 2092 2610 2162 sarriri

516 2237 828 2306 convenit
861 2237 1101 2331 saepius
1121 2287 1141 2323 ‚
1177 2236 1554 2329 herbasque
1579 2233 1792 2305 evelli.
1815 2237 2143 2306 Praeterea
2175 2236 2429 2306 semina
2459 2237 2608 2328 ipsa

516 2383 900 2453 fruticantia
934 2398 1297 2479 supputare
1320 2436 1339 2472 ,
1382 2406 1459 2451 ac
1501 2379 1735 2452 falcem
1771 2384 1912 2478 pati
1944 2408 2393 2455 consuescere.

585 2743 786 2809 ‘Cato
825 2754 893 2808 et
929 2739 1134 2807 furcis
1168 2754 1385 2808 crates
1424 2740 1681 2834 imponi
1717 2741 1908 2833 jubet
1931 2792 1950 2827 ,
1987 2739 2344 2813 altitudine
2387 2745 2613 2814 homi-e

517 2885 621 2954 nis
644 2937 662 2973 ‚
707 2882 791 2952 ad
828 2882 1034 2951 solem
1071 2883 1529 2977 recipiendum
1566 2910 1581 2952 ε
1629 2900 1831 2978 atque
1862 2886 2067 2981 integi
2096 2886 2318 2957 culmo
2365 2889 2451 2959 ad
2486 2891 2607 2960 fri-

517 3052 681 3124 gora
719 3029 1042 3098 arcenda:
1080 3031 1175 3099 sic
1210 3031 1512 3124 pirorum
1550 3028 2011 3124 malorumque
2038 3034 2285 3101 semina
2319 3035 2605 3118 nutriri,

516 3176 610 3247 sic
654 3175 880 3269 pineas
933 3198 1175 3261 nuceS,
1231 3175 1323 3243 sic
1369 3199 1717 3269 cupressos
1764 3176 2010 3244 semine
2063 3191 2232 3247 satas
2283 3192 2352 3244 et
2407 3178 2601 3271 ipsas,

515 3291 817 3387 Minimis
855 3318 923 3387 id
955 3319 1175 3414 granis
1216 3333 1508 3402 constat,
1543 3333 1620 3386 ut
1652 3319 1762 3386 vix
1801 3322 2090 3414 perspici
2117 3321 2421 3413 quaedam
2456 3348 2606 3416 pos·

517 3466 702 3532 sint:
761 3489 897 3534 non
954 3461 1326 3531 omittendo
1377 3476 1636 3531 naturae
1694 3462 2058 3552 miraculo,
2114 3489 2151 3532 e
2211 3481 2350 3534 tam
2393 3491 2603 3560 parvo

515 3609 700 3703 gigni
733 3608 1006 3676 arbores
1037 3634 1052 3674 ε
1089 3621 1279 3675 tanto
1312 3607 1568 3699 majore
1610 3607 1813 3674 tritici
1845 3621 1911 3675 et
1950 3607 2180 3677 hordei
2212 3633 2427 3702 grano
2461 3634 2479 3677 ε
2521 3633 2604 3679 ne

514 3752 663 3844 quis
712 3751 928 3820 fabam
998 3765 1284 3843 reputet.
1344 3747 1530 3839 Quid
1585 3748 1798 3818 simile
1847 3753 2122 3846 originis
2176 3776 2309 3820 suae
2354 3753 2603 3822 habent

514 3895 846 3966 malorum
875 3898 1315 3990 pirorumque
1344 3894 1639 3964 semina?
1665 3896 1783 3964 His
1811 3897 2155 3992 principiis
2176 3913 2599 3993 respuentem

514 4067 777 4109 secures
809 4041 1157 4108 materiam
1207 4039 1421 4125 nasci,
1462 4037 1784 4107 indomita
1820 4039 2226 4133 ponderibus
2263 4043 2603 4111 immensis
