2941 4807
517 422 589 485 94
986 413 1048 467 C.
1090 414 1318 468 PLlNll
1358 414 1547 469 HIST.
1589 416 1759 470 NAT.
1805 419 1941 475 LIB.
1969 422 2127 478 XVI.

524 536 676 605 dam
715 536 1014 605 fruticosi
1052 540 1310 632 generis
1337 590 1356 625 ,
1395 555 1472 608 ut
1522 540 1819 636 paliurus
1841 597 1860 629 ‚
1909 560 2202 638 myrtus:
2264 547 2421 614 item
2461 571 2604 614 nux

522 677 820 749 avellana
848 706 864 748 ε
897 683 1059 773 quin
1101 683 1306 749 immo
1344 683 1580 752 melior
1611 700 1741 771 est,
1770 702 1837 756 et
1870 688 2202 781 copiosior
2236 687 2494 776 fructu,
2528 689 2602 756 in

520 823 741 917 plures
771 824 1066 919 dispersa
1096 851 1333 894 ramos.
1363 830 1442 894 In
1482 827 1877 921 quibusdam
1912 832 2187 898 omnino
2227 827 2450 898 nullus
2471 882 2491 917 ,
2523 844 2601 897 ut

523 968 590 1034 in
613 991 733 1036 suo
755 992 993 1063 genere
1024 969 1200 1037 buxo
1216 1021 1235 1055 ,
1271 969 1411 1040 loto
1436 973 1912 1041 transmarinae.
1936 971 2260 1061 Quaedam
2289 972 2601 1057 bifurcae,

524 1127 721 1205 atque
748 1112 943 1180 etiam
981 1114 1048 1180 in
1087 1113 1324 1205 quinas
1357 1128 1578 1209 partes
1613 1114 1888 1184 diffusae.
1924 1114 2248 1203 Quaedam
2284 1113 2600 1199 dividuae,

522 1279 642 1324 nec
681 1279 954 1324 ramosae
974 1307 993 1343 ‚
1036 1271 1113 1324 ut
1144 1258 1456 1326 sambuci.
1489 1258 1813 1345 Quaedam
1851 1257 2205 1327 individuae
2226 1310 2245 1345 ,
2278 1282 2555 1326 ramosae
2577 1311 2599 1346 ,

525 1415 602 1469 ut
630 1403 846 1494 piceae.
874 1400 1291 1500 Quibusdam
1321 1427 1663 1471 ramorum
1695 1401 1893 1490 ordo,
1925 1405 2095 1471 sicut
2119 1403 2346 1495 piceae‚
2374 1402 2598 1470 abieti.

523 1543 701 1613 Alias
731 1545 1138 1633 inconditu3‚
1165 1560 1241 1613 ut
1270 1546 1531 1634 robori,
1562 1545 1766 1631 malo,
1802 1548 1969 1639 piro,
1994 1551 2080 1615 Et
2106 1547 2303 1614 abieti
2331 1545 2603 1639 quidem

524 1688 827 1757 subrecta
859 1688 1182 1775 divisura,
1210 1689 1513 1782 ramique
1549 1692 1617 1757 in
1651 1689 1883 1758 caelum
1925 1690 2313 1774 tendentes,
2354 1714 2492 1757 uon
2524 1670 2604 1756 ‘in

528 1833 731 1904 latera
770 1836 986 1929 proni.
1024 1835 1277 1903 Mirum
1301 1886 1318 1920 ,
1361 1835 1815 1903 cacuminibus
1863 1858 2095 1903 eorum
2131 1833 2366 1902 decisis
2398 1833 2604 1901 mori-

525 1994 674 2048 tur:
714 1979 876 2046 totis
905 2002 1064 2046 vero
1089 1976 1497 2045 detruncatis
1523 1975 1738 2045 durat.
1769 1980 1855 2045 Et
1886 1978 1939 2044 si
1974 1976 2174 2062 infra,
2204 2000 2407 2069 quam
2436 1977 2603 2043 rami

525 2121 739 2209 fuere,
772 2120 1191 2213 praecidatur‚
1221 2119 1399 2212 quod
1420 2133 1753 2213 superest,
1777 2120 1984 2188 vivit:
2019 2120 2073 2186 si
2101 2143 2256 2186 vero
2281 2142 2601 2188 cacumen

524 2279 785 2332 tantum
803 2263 1176 2350 auferatur,
1204 2276 1344 2330 tota
1372 2263 1676 2330 moritur.
1703 2259 1855 2329 Alia
1872 2263 1955 2329 ab
1982 2260 2202 2330 radice
2229 2260 2604 2347 brachiata,

524 2426 598 2480 ut
627 2409 868 2479 ulmuS.
893 2408 1046 2479 Alia
1072 2410 1142 2476 in
1177 2408 1522 2477 cacumine
1546 2431 1836 2496 ramosa,
1866 2421 1944 2474 ut
1970 2408 2201 2500 pinuS‚
2233 2403 2438 2489 lotos,
2467 2408 2605 2474 sive

521 2555 671 2622 faba
703 2556 982 2621 Graeca:
1019 2575 1219 2644 quam
1253 2554 1482 2619 Romae
1536 2574 1576 2616 a
1627 2550 1948 2618 suavitate
1987 2549 2241 2617 fructus
2284 2549 2604 2618 silvestris

523 2698 793 2791 quidem
818 2749 836 2783 ‚
900 2695 1014 2763 sed
1062 2719 1441 2763 cerasorum
1490 2720 1672 2787 paene
1706 2708 1980 2781 natura,
2016 2692 2202 2763 loton
2238 2693 2599 2789 appellant.

523 2840 861 2933 Praecipue
896 2837 1201 2905 domibus
1239 2839 1572 2932 expetitur
1605 2863 1944 2906 ramorum
1977 2817 2386 2933 petulantia,
2413 2839 2602 2907 brevi

525 2981 795 3052 caudice
846 2980 1166 3051 latissima
1210 2981 1725 3075 exspatiantium
1778 2980 2054 3084 umbra,
2103 2996 2170 3049 et
2225 2982 2296 3049 in
2349 2983 2602 3050 vicinas

527 3130 759 3198 domos
793 3152 965 3221 saepe
994 3124 1532 3195 transilientium.
1569 3123 1754 3195 Nulli
1794 3127 2089 3219 opacitas
2127 3126 2434 3194 brevior:
2480 3151 2604 3198 nec

525 3277 741 3345 aufert
793 3274 997 3344 solem
1060 3273 1275 3341 hieme
1299 3324 1317 3360 ,
1360 3270 1813 3340 decidentibus
1873 3271 2067 3341 foliis.
2128 3271 2312 3343 Nulli
2374 3289 2597 3343 cortex

520 3419 880 3515 jucundior
901 3469 919 3505 ‚
965 3432 1080 3485 aut
1140 3415 1367 3484 oculos
1426 3416 1757 3510 excipiens
1816 3414 2144 3485 blandius,
2189 3415 2375 3488 Nulli
2431 3420 2595 3486 rami

525 3566 857 3660 longiores
897 3561 1413 3653 validioresque,
1456 3545 1572 3628 aut
1619 3558 1882 3655 plureS,
1934 3574 2011 3628 ut
2055 3562 2290 3630 dixisse
2319 3562 2597 3630 totidem

525 3712 793 3782 arbores
829 3705 1039 3773 liceat.
1061 3705 1327 3773 Cortice
1361 3702 1564 3796 pelles
1597 3705 1897 3797 tingunt,
1923 3703 2143 3772 radice
2166 3702 2368 3774 lanas.
2399 3706 2600 3775 Malis

526 3852 872 3948 proprium
914 3872 1160 3943 genus:
1205 3847 1494 3914 ferarum
1540 3847 1714 3913 enim
1755 3860 1966 3915 rostra
2009 3847 2335 3936 reddunt,
2378 3850 2598 3918 adhae-

526 3995 824 4064 rentibus
858 3991 977 4061 uni
1011 3990 1299 4059 maximo
1335 3987 1723 4055 minoribus,
