<?xml version="1.0" encoding="UTF-8"?>
<!DOCTYPE html PUBLIC "-//W3C//DTD XHTML 1.0 Transitional//EN"
    "http://www.w3.org/TR/xhtml1/DTD/xhtml1-transitional.dtd">
<html xmlns="http://www.w3.org/1999/xhtml" xml:lang="en" lang="en">
 <head>
  <title>
</title>
<meta http-equiv="Content-Type" content="text/html;charset=utf-8" />
  <meta name='ocr-system' content='tesseract 3.04.00' />
  <meta name='ocr-capabilities' content='ocr_page ocr_carea ocr_par ocr_line ocrx_word'/>
</head>
<body>
  <div class='ocr_page' id='page_1' title='image "./histoirenaturel00grangoog_0046.png"; bbox 0 0 2941 4807; ppageno 0'>
   <div class='ocr_carea' id='block_1_1' title="bbox 485 439 2104 505">
    <p class='ocr_par' dir='ltr' id='par_1_1' title="bbox 485 439 2104 505">
     <span class='ocr_line' id='line_1_1' title="bbox 485 439 2104 505; baseline 0.005 -11"><span class='ocrx_word' id='word_1_1' title='bbox 485 439 557 495; x_wconf 86' lang='lat'><strong>36</strong></span> <span class='ocrx_word' id='word_1_2' title='bbox 955 446 1017 501; x_wconf 93' lang='lat' dir='ltr'><strong>C.</strong></span> <span class='ocrx_word' id='word_1_3' title='bbox 1061 446 1298 503; x_wconf 88' lang='lat' dir='ltr'><strong>PLINII</strong></span> <span class='ocrx_word' id='word_1_4' title='bbox 1340 446 1533 504; x_wconf 81' lang='lat' dir='ltr'><strong>HIST.</strong></span> <span class='ocrx_word' id='word_1_5' title='bbox 1576 447 1744 503; x_wconf 83' lang='lat' dir='ltr'><strong>NAT.</strong></span> <span class='ocrx_word' id='word_1_6' title='bbox 1786 449 1926 504; x_wconf 88' lang='lat' dir='ltr'><strong>LIB.</strong></span> <span class='ocrx_word' id='word_1_7' title='bbox 1951 448 2104 505; x_wconf 84' lang='lat' dir='ltr'>XVI.</span> 
     </span>
    </p>
   </div>
   <div class='ocr_carea' id='block_1_2' title="bbox 1276 715 1778 773">
    <p class='ocr_par' dir='ltr' id='par_1_2' title="bbox 1276 715 1778 773">
     <span class='ocr_line' id='line_1_2' title="bbox 1276 715 1778 773; baseline 0.006 -4"><span class='ocrx_word' id='word_1_8' title='bbox 1276 715 1364 770; x_wconf 84' lang='lat' dir='ltr'><strong>De</strong></span> <span class='ocrx_word' id='word_1_9' title='bbox 1387 715 1561 771; x_wconf 88' lang='lat' dir='ltr'><strong>larice</strong></span> <span class='ocrx_word' id='word_1_10' title='bbox 1583 736 1595 770; x_wconf 74' lang='grc' dir='ltr'>ε</span> <span class='ocrx_word' id='word_1_11' title='bbox 1631 716 1778 773; x_wconf 87' lang='lat' dir='ltr'><strong>teda.</strong></span> 
     </span>
    </p>
   </div>
   <div class='ocr_carea' id='block_1_3' title="bbox 484 933 2591 2182">
    <p class='ocr_par' dir='ltr' id='par_1_3' title="bbox 484 933 2588 1604">
     <span class='ocr_line' id='line_1_3' title="bbox 584 933 2586 1029; baseline 0 -29"><span class='ocrx_word' id='word_1_12' title='bbox 584 935 771 1001; x_wconf 88' lang='lat' dir='ltr'><strong>XIX.</strong></span> <span class='ocrx_word' id='word_1_13' title='bbox 813 933 1075 1021; x_wconf 87' lang='lat' dir='ltr'><strong>Quinto</strong></span> <span class='ocrx_word' id='word_1_14' title='bbox 1118 936 1349 1029; x_wconf 84' lang='lat' dir='ltr'><strong>generi</strong></span> <span class='ocrx_word' id='word_1_15' title='bbox 1388 938 1556 1005; x_wconf 89' lang='lat' dir='ltr'><strong>situs</strong></span> <span class='ocrx_word' id='word_1_16' title='bbox 1596 935 1777 1005; x_wconf 92' lang='lat' dir='ltr'><strong>idem</strong></span> <span class='ocrx_word' id='word_1_17' title='bbox 1800 989 1820 1023; x_wconf 95' lang='lat'><strong>,</strong></span> <span class='ocrx_word' id='word_1_18' title='bbox 1863 935 2095 1005; x_wconf 90' lang='lat' dir='ltr'><strong>eadem</strong></span> <span class='ocrx_word' id='word_1_19' title='bbox 2130 935 2373 1004; x_wconf 87' lang='lat' dir='ltr'><strong>facies:</strong></span> <span class='ocrx_word' id='word_1_20' title='bbox 2420 933 2586 1002; x_wconf 86' lang='lat' dir='ltr'><strong>larix</strong></span> 
     </span>
     <span class='ocr_line' id='line_1_4' title="bbox 484 1077 2585 1174; baseline -0 -28"><span class='ocrx_word' id='word_1_21' title='bbox 484 1092 792 1147; x_wconf 85' lang='lat' dir='ltr'><strong>vocatur.</strong></span> <span class='ocrx_word' id='word_1_22' title='bbox 852 1078 1171 1147; x_wconf 85' lang='lat' dir='ltr'><strong>Materies</strong></span> <span class='ocrx_word' id='word_1_23' title='bbox 1225 1077 1950 1174; x_wconf 68' lang='lat' dir='ltr'><strong>praestantior‘longe,</strong></span> <span class='ocrx_word' id='word_1_24' title='bbox 2007 1081 2398 1171; x_wconf 89' lang='lat' dir='ltr'><strong>incorrupta</strong></span> <span class='ocrx_word' id='word_1_25' title='bbox 2444 1077 2544 1146; x_wconf 88' lang='lat' dir='ltr'><strong>vis</strong></span> <span class='ocrx_word' id='word_1_26' title='bbox 2567 1128 2585 1164; x_wconf 93' lang='lat'><strong>,</strong></span> 
     </span>
     <span class='ocr_line' id='line_1_5' title="bbox 485 1221 2585 1324; baseline -0.001 -34"><span class='ocrx_word' id='word_1_27' title='bbox 485 1224 659 1291; x_wconf 91' lang='lat' dir='ltr'><strong>mori</strong></span> <span class='ocrx_word' id='word_1_28' title='bbox 717 1237 1082 1292; x_wconf 84' lang='lat' dir='ltr'>contumax</span> <span class='ocrx_word' id='word_1_29' title='bbox 1127 1249 1144 1291; x_wconf 77' lang='lat' dir='ltr'>z</span> <span class='ocrx_word' id='word_1_30' title='bbox 1212 1223 1461 1292; x_wconf 88' lang='lat' dir='ltr'><strong>rubens</strong></span> <span class='ocrx_word' id='word_1_31' title='bbox 1518 1238 1837 1324; x_wconf 78' lang='lat' dir='ltr'><strong>praeterea</strong></span> <span class='ocrx_word' id='word_1_32' title='bbox 1866 1276 1886 1308; x_wconf 96' lang='lat'><strong>,</strong></span> <span class='ocrx_word' id='word_1_33' title='bbox 1950 1238 2018 1292; x_wconf 91' lang='lat' dir='ltr'><strong>et</strong></span> <span class='ocrx_word' id='word_1_34' title='bbox 2085 1221 2290 1292; x_wconf 88' lang='lat' dir='ltr'><strong>odore</strong></span> <span class='ocrx_word' id='word_1_35' title='bbox 2348 1221 2585 1290; x_wconf 89' lang='lat' dir='ltr'><strong>acrior.</strong></span> 
     </span>
     <span class='ocr_line' id='line_1_6' title="bbox 487 1363 2588 1461; baseline -0 -29"><span class='ocrx_word' id='word_1_36' title='bbox 487 1363 874 1434; x_wconf 89' lang='lat' dir='ltr'><strong>Plusculum</strong></span> <span class='ocrx_word' id='word_1_37' title='bbox 911 1365 1070 1434; x_wconf 89' lang='lat' dir='ltr'><strong>huic</strong></span> <span class='ocrx_word' id='word_1_38' title='bbox 1109 1366 1402 1461; x_wconf 87' lang='lat' dir='ltr'><strong>erumpit</strong></span> <span class='ocrx_word' id='word_1_39' title='bbox 1433 1363 1753 1458; x_wconf 90' lang='lat' dir='ltr'><strong>liquoris,</strong></span> <span class='ocrx_word' id='word_1_40' title='bbox 1797 1363 2033 1435; x_wconf 88' lang='lat' dir='ltr'><strong>melleo</strong></span> <span class='ocrx_word' id='word_1_41' title='bbox 2068 1363 2292 1435; x_wconf 89' lang='lat' dir='ltr'><strong>colore</strong></span> <span class='ocrx_word' id='word_1_42' title='bbox 2316 1417 2335 1454; x_wconf 90' lang='lat'><strong>,</strong></span> <span class='ocrx_word' id='word_1_43' title='bbox 2389 1379 2588 1459; x_wconf 89' lang='lat' dir='ltr'><strong>atque</strong></span> 
     </span>
     <span class='ocr_line' id='line_1_7' title="bbox 490 1507 1711 1604; baseline -0.001 -25"><span class='ocrx_word' id='word_1_44' title='bbox 490 1507 780 1579; x_wconf 88' lang='lat' dir='ltr'><strong>lentiore</strong></span> <span class='ocrx_word' id='word_1_45' title='bbox 807 1562 828 1598; x_wconf 93' lang='lat'><strong>,</strong></span> <span class='ocrx_word' id='word_1_46' title='bbox 875 1535 1246 1604; x_wconf 88' lang='lat' dir='ltr'><strong>numquam</strong></span> <span class='ocrx_word' id='word_1_47' title='bbox 1283 1511 1711 1583; x_wconf 84' lang='lat' dir='ltr'><strong>durescentis.</strong></span> 
     </span>
    </p>

    <p class='ocr_par' dir='ltr' id='par_1_4' title="bbox 486 1655 2591 2182">
     <span class='ocr_line' id='line_1_8' title="bbox 603 1655 2591 1751; baseline -0.001 -26"><span class='ocrx_word' id='word_1_48' title='bbox 603 1659 877 1726; x_wconf 85' lang='lat' dir='ltr'><strong>Sextum</strong></span> <span class='ocrx_word' id='word_1_49' title='bbox 930 1680 1137 1751; x_wconf 84' lang='lat' dir='ltr'><strong>genus</strong></span> <span class='ocrx_word' id='word_1_50' title='bbox 1185 1671 1285 1725; x_wconf 86' lang='lat' dir='ltr'><strong>est</strong></span> <span class='ocrx_word' id='word_1_51' title='bbox 1346 1656 1502 1725; x_wconf 90' lang='lat' dir='ltr'><strong>teda</strong></span> <span class='ocrx_word' id='word_1_52' title='bbox 1541 1657 1815 1751; x_wconf 81' lang='lat' dir='ltr'><strong>proprie</strong></span> <span class='ocrx_word' id='word_1_53' title='bbox 1863 1655 2082 1745; x_wconf 90' lang='lat' dir='ltr'><strong>dicta,</strong></span> <span class='ocrx_word' id='word_1_54' title='bbox 2139 1655 2591 1726; x_wconf 87' lang='lat' dir='ltr'><strong>abundantior</strong></span> 
     </span>
     <span class='ocr_line' id='line_1_9' title="bbox 489 1795 2588 1893; baseline -0.001 -25"><span class='ocrx_word' id='word_1_55' title='bbox 489 1823 690 1868; x_wconf 88' lang='lat' dir='ltr'><strong>succo</strong></span> <span class='ocrx_word' id='word_1_56' title='bbox 750 1816 954 1891; x_wconf 88' lang='lat' dir='ltr'><strong>quam</strong></span> <span class='ocrx_word' id='word_1_57' title='bbox 1013 1795 1272 1890; x_wconf 89' lang='lat' dir='ltr'><strong>reliqua</strong></span> <span class='ocrx_word' id='word_1_58' title='bbox 1294 1849 1312 1885; x_wconf 93' lang='lat'><strong>,</strong></span> <span class='ocrx_word' id='word_1_59' title='bbox 1367 1798 1672 1892; x_wconf 91' lang='lat' dir='ltr'><strong>parciore</strong></span> <span class='ocrx_word' id='word_1_60' title='bbox 1722 1797 2210 1892; x_wconf 89' lang='lat' dir='ltr'><strong>liquidioreque</strong></span> <span class='ocrx_word' id='word_1_61' title='bbox 2259 1823 2460 1893; x_wconf 91' lang='lat' dir='ltr'><strong>quam</strong></span> <span class='ocrx_word' id='word_1_62' title='bbox 2519 1800 2588 1866; x_wconf 89' lang='lat' dir='ltr'><strong>in</strong></span> 
     </span>
     <span class='ocr_line' id='line_1_10' title="bbox 487 1940 2590 2038; baseline -0.001 -26"><span class='ocrx_word' id='word_1_63' title='bbox 487 1945 678 2038; x_wconf 88' lang='lat' dir='ltr'><strong>picea</strong></span> <span class='ocrx_word' id='word_1_64' title='bbox 715 1969 730 2011; x_wconf 76' lang='lat' dir='ltr'><em>z</em></span> <span class='ocrx_word' id='word_1_65' title='bbox 771 1942 1057 2011; x_wconf 89' lang='lat' dir='ltr'><strong>flammis</strong></span> <span class='ocrx_word' id='word_1_66' title='bbox 1103 1968 1184 2011; x_wconf 90' lang='lat' dir='ltr'><strong>ac</strong></span> <span class='ocrx_word' id='word_1_67' title='bbox 1234 1940 1477 2011; x_wconf 90' lang='lat' dir='ltr'><strong>lumini</strong></span> <span class='ocrx_word' id='word_1_68' title='bbox 1522 1968 1867 2011; x_wconf 88' lang='lat' dir='ltr'><strong>sacrorum</strong></span> <span class='ocrx_word' id='word_1_69' title='bbox 1904 1943 2110 2011; x_wconf 89' lang='lat' dir='ltr'><strong>etiam</strong></span> <span class='ocrx_word' id='word_1_70' title='bbox 2167 1956 2374 2037; x_wconf 86' lang='lat' dir='ltr'><strong>grata.</strong></span> <span class='ocrx_word' id='word_1_71' title='bbox 2428 1947 2590 2031; x_wconf 87' lang='lat' dir='ltr'><strong>Hae,</strong></span> 
     </span>
     <span class='ocr_line' id='line_1_11' title="bbox 486 2086 2591 2182; baseline -0.001 -25"><span class='ocrx_word' id='word_1_72' title='bbox 486 2113 704 2158; x_wconf 88' lang='lat' dir='ltr'><strong>mares</strong></span> <span class='ocrx_word' id='word_1_73' title='bbox 743 2086 1129 2175; x_wconf 84' lang='lat' dir='ltr'><strong>dumtaxat,</strong></span> <span class='ocrx_word' id='word_1_74' title='bbox 1168 2086 1396 2156; x_wconf 88' lang='lat' dir='ltr'><strong>ferunt</strong></span> <span class='ocrx_word' id='word_1_75' title='bbox 1431 2101 1501 2154; x_wconf 89' lang='lat' dir='ltr'><strong>et</strong></span> <span class='ocrx_word' id='word_1_76' title='bbox 1536 2111 1716 2175; x_wconf 92' lang='lat' dir='ltr'><strong>eam,</strong></span> <span class='ocrx_word' id='word_1_77' title='bbox 1752 2111 1957 2179; x_wconf 90' lang='lat' dir='ltr'><strong>quam</strong></span> <span class='ocrx_word' id='word_1_78' title='bbox 1992 2086 2211 2155; x_wconf 86' lang='lat' dir='ltr'><strong>Graeci</strong></span> <span class='ocrx_word' id='word_1_79' title='bbox 2251 2109 2448 2182; x_wconf 84' lang='lat' dir='ltr'><strong>sycen</strong></span> <span class='ocrx_word' id='word_1_80' title='bbox 2477 2110 2591 2154; x_wconf 91' lang='lat' dir='ltr'><strong>vo-</strong></span> 
     </span>
    </p>
   </div>
   <div class='ocr_carea' id='block_1_4' title="bbox 487 2229 2587 2329">
    <p class='ocr_par' dir='ltr' id='par_1_5' title="bbox 487 2229 2587 2329">
     <span class='ocr_line' id='line_1_12' title="bbox 487 2229 2587 2329; baseline -0.002 -27"><span class='ocrx_word' id='word_1_81' title='bbox 487 2249 641 2303; x_wconf 89' lang='lat' dir='ltr'><strong>cant</strong></span> <span class='ocrx_word' id='word_1_82' title='bbox 668 2286 687 2319; x_wconf 93' lang='lat'><strong>,</strong></span> <span class='ocrx_word' id='word_1_83' title='bbox 741 2232 968 2302; x_wconf 88' lang='lat' dir='ltr'><strong>odoris</strong></span> <span class='ocrx_word' id='word_1_84' title='bbox 1025 2232 1418 2329; x_wconf 84' lang='lat' dir='ltr'><strong>gravissimi.</strong></span> <span class='ocrx_word' id='word_1_85' title='bbox 1483 2232 1739 2300; x_wconf 88' lang='lat' dir='ltr'><strong>Laricis</strong></span> <span class='ocrx_word' id='word_1_86' title='bbox 1794 2232 2072 2300; x_wconf 85' lang='lat' dir='ltr'><strong>morbus</strong></span> <span class='ocrx_word' id='word_1_87' title='bbox 2118 2246 2256 2320; x_wconf 88' lang='lat' dir='ltr'><strong>est,</strong></span> <span class='ocrx_word' id='word_1_88' title='bbox 2311 2246 2388 2300; x_wconf 89' lang='lat' dir='ltr'><strong>ut</strong></span> <span class='ocrx_word' id='word_1_89' title='bbox 2437 2229 2587 2300; x_wconf 86' lang='lat' dir='ltr'><strong>teda</strong></span> 
     </span>
    </p>
   </div>
   <div class='ocr_carea' id='block_1_5' title="bbox 487 2377 624 2450">
    <p class='ocr_par' dir='ltr' id='par_1_6' title="bbox 487 2377 624 2450">
     <span class='ocr_line' id='line_1_13' title="bbox 487 2377 624 2450; baseline 0.007 -3"><span class='ocrx_word' id='word_1_90' title='bbox 487 2377 624 2450; x_wconf 87' lang='lat' dir='ltr'><strong>fiat.</strong></span> 
     </span>
    </p>
   </div>
   <div class='ocr_carea' id='block_1_6' title="bbox 488 2622 2591 4023">
    <p class='ocr_par' dir='ltr' id='par_1_7' title="bbox 488 2622 2591 4023">
     <span class='ocr_line' id='line_1_14' title="bbox 588 2622 2586 2718; baseline -0.001 -25"><span class='ocrx_word' id='word_1_91' title='bbox 588 2625 837 2693; x_wconf 90' lang='lat' dir='ltr'><strong>Omnia</strong></span> <span class='ocrx_word' id='word_1_92' title='bbox 895 2637 1120 2692; x_wconf 88' lang='lat' dir='ltr'><strong>autem</strong></span> <span class='ocrx_word' id='word_1_93' title='bbox 1176 2623 1317 2691; x_wconf 85' lang='lat' dir='ltr'><strong>haec</strong></span> <span class='ocrx_word' id='word_1_94' title='bbox 1363 2647 1604 2718; x_wconf 84' lang='lat' dir='ltr'><strong>genera</strong></span> <span class='ocrx_word' id='word_1_95' title='bbox 1656 2647 1932 2692; x_wconf 90' lang='lat' dir='ltr'><strong>accensa</strong></span> <span class='ocrx_word' id='word_1_96' title='bbox 1958 2674 1977 2711; x_wconf 98' lang='lat'><strong>,</strong></span> <span class='ocrx_word' id='word_1_97' title='bbox 2025 2622 2306 2718; x_wconf 85' lang='lat' dir='ltr'><strong>fuligine</strong></span> <span class='ocrx_word' id='word_1_98' title='bbox 2345 2624 2586 2692; x_wconf 90' lang='lat' dir='ltr'><strong>immo-</strong></span> 
     </span>
     <span class='ocr_line' id='line_1_15' title="bbox 489 2765 2590 2888; baseline 0 -54"><span class='ocrx_word' id='word_1_99' title='bbox 489 2765 641 2835; x_wconf 90' lang='lat' dir='ltr'><strong>dica</strong></span> <span class='ocrx_word' id='word_1_100' title='bbox 666 2819 686 2853; x_wconf 95' lang='lat'><strong>,</strong></span> <span class='ocrx_word' id='word_1_101' title='bbox 737 2766 1096 2835; x_wconf 89' lang='lat' dir='ltr'><strong>carbonem</strong></span> <span class='ocrx_word' id='word_1_102' title='bbox 1144 2778 1423 2860; x_wconf 87' lang='lat' dir='ltr'><strong>repente</strong></span> <span class='ocrx_word' id='word_1_103' title='bbox 1476 2780 1807 2888; x_wconf 65' lang='lat' dir='ltr'><strong>exspuunt</strong></span> <span class='ocrx_word' id='word_1_104' title='bbox 1848 2791 2003 2835; x_wconf 92' lang='lat' dir='ltr'><strong>cum</strong></span> <span class='ocrx_word' id='word_1_105' title='bbox 2035 2767 2408 2860; x_wconf 86' lang='lat' dir='ltr'><strong>eruptionis</strong></span> <span class='ocrx_word' id='word_1_106' title='bbox 2448 2791 2590 2835; x_wconf 88' lang='lat' dir='ltr'><strong>cre-</strong></span> 
     </span>
     <span class='ocr_line' id='line_1_16' title="bbox 488 2907 2588 3006; baseline 0 -28"><span class='ocrx_word' id='word_1_107' title='bbox 488 2912 681 3005; x_wconf 91' lang='lat' dir='ltr'><strong>pitu,</strong></span> <span class='ocrx_word' id='word_1_108' title='bbox 744 2909 1297 3005; x_wconf 87' lang='lat' dir='ltr'><strong>ejaculanturque</strong></span> <span class='ocrx_word' id='word_1_109' title='bbox 1343 2907 1594 3004; x_wconf 84' lang='lat' dir='ltr'><strong>longe:</strong></span> <span class='ocrx_word' id='word_1_110' title='bbox 1658 2924 1932 3006; x_wconf 86' lang='lat' dir='ltr'><strong>excepta</strong></span> <span class='ocrx_word' id='word_1_111' title='bbox 1969 2910 2214 3000; x_wconf 85' lang='lat' dir='ltr'><strong>larice,</strong></span> <span class='ocrx_word' id='word_1_112' title='bbox 2271 2937 2420 3006; x_wconf 87' lang='lat' dir='ltr'><strong>quae</strong></span> <span class='ocrx_word' id='word_1_113' title='bbox 2466 2935 2588 2980; x_wconf 91' lang='lat' dir='ltr'><strong>nec</strong></span> 
     </span>
     <span class='ocr_line' id='line_1_17' title="bbox 489 3057 2588 3154; baseline 0 -28"><span class='ocrx_word' id='word_1_114' title='bbox 489 3057 678 3127; x_wconf 89' lang='lat' dir='ltr'><strong>ardet</strong></span> <span class='ocrx_word' id='word_1_115' title='bbox 700 3111 720 3145; x_wconf 94' lang='lat'><strong>,</strong></span> <span class='ocrx_word' id='word_1_116' title='bbox 767 3084 891 3128; x_wconf 89' lang='lat' dir='ltr'><strong>nec</strong></span> <span class='ocrx_word' id='word_1_117' title='bbox 927 3058 1287 3128; x_wconf 87' lang='lat' dir='ltr'><strong>carbonem</strong></span> <span class='ocrx_word' id='word_1_118' title='bbox 1323 3058 1512 3147; x_wconf 88' lang='lat' dir='ltr'><strong>facit,</strong></span> <span class='ocrx_word' id='word_1_119' title='bbox 1558 3083 1683 3126; x_wconf 89' lang='lat' dir='ltr'><strong>nec</strong></span> <span class='ocrx_word' id='word_1_120' title='bbox 1719 3057 1850 3127; x_wconf 89' lang='lat' dir='ltr'><strong>alio</strong></span> <span class='ocrx_word' id='word_1_121' title='bbox 1881 3058 2083 3127; x_wconf 93' lang='lat' dir='ltr'><strong>modo</strong></span> <span class='ocrx_word' id='word_1_122' title='bbox 2119 3060 2293 3154; x_wconf 87' lang='lat' dir='ltr'><strong>ignis</strong></span> <span class='ocrx_word' id='word_1_123' title='bbox 2326 3060 2391 3127; x_wconf 89' lang='lat' dir='ltr'><strong>vi</strong></span> <span class='ocrx_word' id='word_1_124' title='bbox 2429 3085 2588 3137; x_wconf 87' lang='lat' dir='ltr'><strong>con-</strong></span> 
     </span>
     <span class='ocr_line' id='line_1_18' title="bbox 491 3200 2590 3298; baseline 0.001 -28"><span class='ocrx_word' id='word_1_125' title='bbox 491 3204 812 3292; x_wconf 87' lang='lat' dir='ltr'><strong>sumitur,</strong></span> <span class='ocrx_word' id='word_1_126' title='bbox 854 3228 1060 3297; x_wconf 90' lang='lat' dir='ltr'><strong>quam</strong></span> <span class='ocrx_word' id='word_1_127' title='bbox 1102 3200 1377 3298; x_wconf 75' lang='lat' dir='ltr'><strong>lapides,</strong></span> <span class='ocrx_word' id='word_1_128' title='bbox 1424 3203 1673 3272; x_wconf 88' lang='lat' dir='ltr'><strong>Omnia</strong></span> <span class='ocrx_word' id='word_1_129' title='bbox 1704 3228 1782 3272; x_wconf 89' lang='lat' dir='ltr'><strong>ea</strong></span> <span class='ocrx_word' id='word_1_130' title='bbox 1815 3218 2140 3298; x_wconf 89' lang='lat' dir='ltr'><strong>perpetuo</strong></span> <span class='ocrx_word' id='word_1_131' title='bbox 2170 3204 2430 3293; x_wconf 87' lang='lat' dir='ltr'><strong>virent,</strong></span> <span class='ocrx_word' id='word_1_132' title='bbox 2468 3228 2590 3273; x_wconf 84' lang='lat' dir='ltr'><strong>nec</strong></span> 
     </span>
     <span class='ocr_line' id='line_1_19' title="bbox 492 3345 2589 3443; baseline 0 -26"><span class='ocrx_word' id='word_1_133' title='bbox 492 3346 683 3417; x_wconf 89' lang='lat' dir='ltr'><strong>facile</strong></span> <span class='ocrx_word' id='word_1_134' title='bbox 729 3348 1205 3418; x_wconf 88' lang='lat' dir='ltr'><strong>discernuntur</strong></span> <span class='ocrx_word' id='word_1_135' title='bbox 1252 3348 1321 3414; x_wconf 92' lang='lat' dir='ltr'><strong>in</strong></span> <span class='ocrx_word' id='word_1_136' title='bbox 1371 3345 1612 3416; x_wconf 87' lang='lat' dir='ltr'><strong>fronde</strong></span> <span class='ocrx_word' id='word_1_137' title='bbox 1635 3398 1654 3435; x_wconf 98' lang='lat'><strong>,</strong></span> <span class='ocrx_word' id='word_1_138' title='bbox 1710 3348 1912 3417; x_wconf 88' lang='lat' dir='ltr'><strong>etiam</strong></span> <span class='ocrx_word' id='word_1_139' title='bbox 1956 3373 1996 3417; x_wconf 90' lang='lat' dir='ltr'><strong>a</strong></span> <span class='ocrx_word' id='word_1_140' title='bbox 2049 3349 2282 3443; x_wconf 82' lang='lat' dir='ltr'><strong>peritis</strong></span> <span class='ocrx_word' id='word_1_141' title='bbox 2317 3375 2333 3417; x_wconf 75' lang='grc' dir='ltr'><strong><em>ε</em></strong></span> <span class='ocrx_word' id='word_1_142' title='bbox 2401 3363 2589 3419; x_wconf 84' lang='lat' dir='ltr'><strong>tanta</strong></span> 
     </span>
     <span class='ocr_line' id='line_1_20' title="bbox 494 3491 2587 3586; baseline 0 -24"><span class='ocrx_word' id='word_1_143' title='bbox 494 3491 823 3563; x_wconf 88' lang='lat' dir='ltr'><strong>natalium</strong></span> <span class='ocrx_word' id='word_1_144' title='bbox 866 3493 1162 3561; x_wconf 84' lang='lat' dir='ltr'><strong>mixtura</strong></span> <span class='ocrx_word' id='word_1_145' title='bbox 1197 3505 1317 3560; x_wconf 88' lang='lat' dir='ltr'><strong>est.</strong></span> <span class='ocrx_word' id='word_1_146' title='bbox 1353 3491 1479 3560; x_wconf 88' lang='lat' dir='ltr'><strong>Sed</strong></span> <span class='ocrx_word' id='word_1_147' title='bbox 1515 3492 1703 3586; x_wconf 90' lang='lat' dir='ltr'><strong>picea</strong></span> <span class='ocrx_word' id='word_1_148' title='bbox 1734 3494 1959 3561; x_wconf 91' lang='lat' dir='ltr'><strong>minus</strong></span> <span class='ocrx_word' id='word_1_149' title='bbox 1999 3491 2134 3563; x_wconf 84' lang='lat' dir='ltr'><strong>alta</strong></span> <span class='ocrx_word' id='word_1_150' title='bbox 2166 3518 2369 3586; x_wconf 90' lang='lat' dir='ltr'><strong>quam</strong></span> <span class='ocrx_word' id='word_1_151' title='bbox 2398 3492 2587 3563; x_wconf 81' lang='lat' dir='ltr'><strong>larix.</strong></span> 
     </span>
     <span class='ocr_line' id='line_1_21' title="bbox 493 3631 2589 3732; baseline -0 -27"><span class='ocrx_word' id='word_1_152' title='bbox 493 3635 619 3705; x_wconf 90' lang='lat' dir='ltr'><strong>Illa</strong></span> <span class='ocrx_word' id='word_1_153' title='bbox 656 3636 964 3723; x_wconf 88' lang='lat' dir='ltr'><strong>crassior,</strong></span> <span class='ocrx_word' id='word_1_154' title='bbox 1000 3632 1345 3732; x_wconf 86' lang='lat' dir='ltr'><strong>leviorque</strong></span> <span class='ocrx_word' id='word_1_155' title='bbox 1379 3633 1658 3722; x_wconf 88' lang='lat' dir='ltr'><strong>cortice,</strong></span> <span class='ocrx_word' id='word_1_156' title='bbox 1687 3632 1851 3702; x_wconf 86' lang='lat' dir='ltr'><strong>folio</strong></span> <span class='ocrx_word' id='word_1_157' title='bbox 1885 3631 2205 3724; x_wconf 87' lang='lat' dir='ltr'><strong>villosior,</strong></span> <span class='ocrx_word' id='word_1_158' title='bbox 2248 3634 2589 3730; x_wconf 88' lang='lat' dir='ltr'><strong>pinguior,</strong></span> 
     </span>
     <span class='ocr_line' id='line_1_22' title="bbox 495 3757 2591 3874; baseline 0 -24"><span class='ocrx_word' id='word_1_159' title='bbox 495 3795 558 3850; x_wconf 87' lang='lat' dir='ltr'><strong>et</strong></span> <span class='ocrx_word' id='word_1_160' title='bbox 600 3780 894 3866; x_wconf 90' lang='lat' dir='ltr'><strong>densior,</strong></span> <span class='ocrx_word' id='word_1_161' title='bbox 932 3757 1337 3873; x_wconf 83' lang='lat' dir='ltr'><strong>molliorque</strong></span> <span class='ocrx_word' id='word_1_162' title='bbox 1377 3777 1574 3850; x_wconf 86' lang='lat' dir='ltr'><strong>flexu.</strong></span> <span class='ocrx_word' id='word_1_163' title='bbox 1614 3783 1705 3848; x_wconf 91' lang='lat' dir='ltr'><strong>At</strong></span> <span class='ocrx_word' id='word_1_164' title='bbox 1738 3780 1939 3874; x_wconf 84' lang='lat' dir='ltr'><strong>piceae</strong></span> <span class='ocrx_word' id='word_1_165' title='bbox 1977 3781 2235 3849; x_wconf 85' lang='lat' dir='ltr'><strong>rariora</strong></span> <span class='ocrx_word' id='word_1_166' title='bbox 2281 3782 2591 3850; x_wconf 90' lang='lat' dir='ltr'><strong>sicciora·</strong></span> 
     </span>
     <span class='ocr_line' id='line_1_23' title="bbox 494 3898 2590 4023; baseline 0 -28"><span class='ocrx_word' id='word_1_167' title='bbox 494 3952 627 4023; x_wconf 91' lang='lat' dir='ltr'><strong>que</strong></span> <span class='ocrx_word' id='word_1_168' title='bbox 674 3924 835 3994; x_wconf 88' lang='lat' dir='ltr'><strong>folia</strong></span> <span class='ocrx_word' id='word_1_169' title='bbox 856 3978 876 4015; x_wconf 90' lang='lat'><strong>,</strong></span> <span class='ocrx_word' id='word_1_170' title='bbox 909 3939 974 3994; x_wconf 87' lang='lat' dir='ltr'><strong>et</strong></span> <span class='ocrx_word' id='word_1_171' title='bbox 1008 3923 1318 3993; x_wconf 87' lang='lat' dir='ltr'><strong>tenuiora</strong></span> <span class='ocrx_word' id='word_1_172' title='bbox 1338 3975 1358 4010; x_wconf 98' lang='lat'><strong>,</strong></span> <span class='ocrx_word' id='word_1_173' title='bbox 1393 3948 1472 3992; x_wconf 92' lang='lat' dir='ltr'><strong>ac</strong></span> <span class='ocrx_word' id='word_1_174' title='bbox 1503 3924 1719 4019; x_wconf 84' lang='lat' dir='ltr'><strong>magis</strong></span> <span class='ocrx_word' id='word_1_175' title='bbox 1748 3920 2036 4018; x_wconf 87' lang='lat' dir='ltr'><strong>algentia</strong></span> <span class='ocrx_word' id='word_1_176' title='bbox 2065 3951 2081 3993; x_wconf 73' lang='grc' dir='ltr'><strong><em>ε</em></strong></span> <span class='ocrx_word' id='word_1_177' title='bbox 2124 3940 2399 4021; x_wconf 89' lang='lat' dir='ltr'><strong>totaque</strong></span> <span class='ocrx_word' id='word_1_178' title='bbox 2432 3898 2590 3996; x_wconf 83' lang='lat' dir='ltr'><strong>hor-</strong></span> 
     </span>
    </p>
   </div>
   <div class='ocr_carea' id='block_1_7' title="bbox 502 4052 2587 4161">
    <p class='ocr_par' dir='ltr' id='par_1_8' title="bbox 502 4052 2587 4161">
     <span class='ocr_line' id='line_1_24' title="bbox 502 4052 2587 4161; baseline 0 -23"><span class='ocrx_word' id='word_1_179' title='bbox 502 4069 714 4138; x_wconf 90' lang='lat' dir='ltr'><strong>ridior</strong></span> <span class='ocrx_word' id='word_1_180' title='bbox 772 4083 871 4136; x_wconf 89' lang='lat' dir='ltr'><strong>est</strong></span> <span class='ocrx_word' id='word_1_181' title='bbox 899 4120 918 4155; x_wconf 94' lang='lat'><strong>,</strong></span> <span class='ocrx_word' id='word_1_182' title='bbox 973 4081 1038 4135; x_wconf 91' lang='lat' dir='ltr'><strong>et</strong></span> <span class='ocrx_word' id='word_1_183' title='bbox 1090 4065 1357 4161; x_wconf 89' lang='lat' dir='ltr'><strong>perfusa</strong></span> <span class='ocrx_word' id='word_1_184' title='bbox 1404 4065 1647 4134; x_wconf 88' lang='lat' dir='ltr'><strong>resina.</strong></span> <span class='ocrx_word' id='word_1_185' title='bbox 1701 4052 1995 4160; x_wconf 48' lang='lat' dir='ltr'><strong>Lignu‘m</strong></span> <span class='ocrx_word' id='word_1_186' title='bbox 2042 4067 2243 4137; x_wconf 92' lang='lat' dir='ltr'><strong>abieti</strong></span> <span class='ocrx_word' id='word_1_187' title='bbox 2288 4067 2587 4138; x_wconf 89' lang='lat' dir='ltr'><strong>similius.</strong></span> 
     </span>
    </p>
   </div>
  </div>
 </body>
</html>
