2941 4807
533 409 646 468 382
1004 411 1071 467 C.
1110 409 1342 467 PLINII
1387 409 1582 468 msT.
1627 410 1803 469 NAT.
1845 411 1988 467 LIB.
2012 411 2202 467 xvn.

539 550 664 624 ωε,
685 537 882 604 urina
901 532 1370 605 madefaciunt.
1394 533 1529 606 Alii
1554 535 1625 604 in
1649 532 1850 629 qualo
1867 535 2151 629 pedihus
2168 537 2241 605 in
2262 536 2646 630 profluente

541 679 926 767 deculcant,
961 679 1178 748 donec
1210 678 1558 748 auferatur
1588 679 1781 748 cutis.
1809 677 2080 774 Alioqui
2115 677 2301 775 uligo
2334 680 2648 768 infestat,

546 851 671 894 nec
713 827 965 920 patitur
1002 826 1203 893 nasci
1245 825 1326 893 In
1370 821 1556 894 sulco
1599 825 2011 919 repastinato
2045 822 2252 920 palmi
2283 824 2646 898 altitudine

542 971 789 1038 vicenae
824 968 964 1037 fere
1006 969 1369 1037 acervatim
1413 991 1642 1038 mense
1679 969 1922 1038 martio
1960 994 1976 1037 ε
2010 967 2267 1066 eaedem⁶
2290 983 2358 1040 et
2386 995 2641 1064 propa-

543 1112 698 1207 gine
736 1124 1094 1182 seruntur:
1146 1081 1705 1206 triumphalisque
1737 1108 1908 1180 talea
1953 1125 2238 1182 tantum.
2275 1113 2493 1207 Myrti
2526 1133 2643 1208 ge-

544 1280 704 1332 nera
739 1255 968 1326 omnia
1015 1255 1086 1322 in
1122 1255 1494 1349 Campania
1533 1254 1756 1324 baccis
1808 1268 2125 1324 seruntur
2147 1306 2168 1344 ,
2202 1256 2441 1323 Romae
2480 1280 2643 1350 pro-

543 1402 785 1496 p'agine
818 1399 1200 1468 Tarentina.
1236 1398 1666 1468 Democritus
1714 1412 1783 1467 et
1818 1396 1952 1467 alio
1990 1398 2192 1468 modo
2230 1399 2364 1468 seri
2399 1398 2595 1468 docet
2619 1453 2642 1487 ‚

544 1544 1002 1641 grandissimis
1034 1542 1391 1611 baccarum
1427 1542 1595 1610 tusis
1629 1539 1905 1631 leviter,
1944 1568 2030 1611 ne
2066 1567 2274 1638 grana
2319 1542 2646 1640 frangan-

550 1706 693 1779 tur,
730 1714 937 1783 eaque
969 1688 1204 1756 intrita
1237 1702 1409 1757 reste
1443 1684 1820 1758 circumlini
1844 1736 1879 1776 ,=
1917 1673 2119 1781 atque
2150 1689 2246 1757 ita
2281 1690 2413 1757 seri
2455 1714 2472 1758 τ
2517 1714 2643 1783 pa·

548 1838 782 1906 rietem
818 1834 961 1906 fore
996 1831 1341 1902 densitatis
1363 1882 1383 1920 ,
1425 1855 1508 1900 ex
1559 1856 1695 1924 quo
1737 1828 2011 1926 virgulae
2063 1822 2485 1904 differantur.
2532 1834 2645 1904 Sic

538 1998 616 2054 -et
652 1982 873 2076 spinas
925 1980 1099 2073 sepis
1156 2001 1355 2048 causa
1411 1991 1646 2046 serunt
1668 2028 1689 2066 ,
1749 1978 1993 2046 tomice
2028 1977 2235 2047 moris
2290 1979 2645 2073 spinarum

550 2124 943 2197 circumlita.
979 2122 1154 2193 Pilas
1185 2138 1407 2191 autem
1436 2119 1664 2191 laurus
1704 2136 1770 2190 et
1806 2123 2008 2216 myrti
2039 2123 2263 2218 inopia
2291 2126 2643 2197 a'trimatu

552 2269 1023 2365 tempestivum
1061 2280 1161 2337 est
1196 2264 1572 2336 transferre.

635 3430 841 3497 ,Inter
876 3454 953 3498 ea
982 3453 1135 3523 quae
1163 3429 1415 3498 semine
1446 3444 1791 3519 seruntur,
1831 3431 2037 3524 Mago
2065 3430 2137 3497 in
2164 3429 2449 3499 nucibus
2480 3454 2646 3525 ope-

556 3594 750 3641 rosus
788 3586 907 3641 est.
932 3571 1299 3667 Amygdala
1330 3574 1404 3641 in
1436 3571 1672 3670 argilla
1702 3571 1891 3642 molli
1921 3574 2266 3651 meridiem
2301 3586 2648 3669 spectante

553 3721 689 3790 seri
716 3721 926 3815 jubet.v
959 3718 1273 3789 Gaudere
1299 3735 1366 3789 et
1403 3720 1575 3789 dura
1594 3773 1613 3809 ,
1659 3717 2011 3817 calidaque
2042 3735 2220 3791 terra
2249 3747 2265 3788 ε
2298 3721 2367 3788 in
2404 3722 2645 3817 pingui

553 3884 673 3938 aut
700 3866 979 3936 humida
999 3868 1202 3955 mori,
1231 3893 1308 3936 ac
1338 3866 1760 3938 sterilescere.
1788 3866 2109 3936 Serendas
2131 3891 2336 3960 quam
2355 3869 2645 3935 maxime

553 4013 825 4087 falcatas
852 4065 872 4103 ,
905 4027 985 4095 ‘et
1036 4038 1074 4081 e
1126 4009 1388 4091 novella
1413 4065 1433 4100 ,
1496 4013 1788 4107 fimoque
1840 4011 2075 4083 diluto·
2115 4027 2483 4082 maceratas
2522 4036 2643 4107 per
