2941 4807
964 716 1086 822 C.
1158 712 1589 879 PLINH¹
1630 710 2225 824 SECUNDI

647 1023 1872 1154 HISTORIARUM
1964 1027 2539 1156 MUNDI

1207 1366 1577 1454 LIBER
1648 1369 1964 1455 XVII.

1114 1628 1441 1669 sxrlvsmm
1472 1602 1756 1668 'Annon-nu
1793 1630 2047 1668 RATuuAE.

1166 2027 1459 2084 Arborum
1494 2027 1678 2102 pretia
1708 2027 2007 2083 mirabilia.

537 2255 590 2322 Ι.
652 2277 710 2323 1.
753 2191 1136 2322 NATURA
1189 2249 1511 2319 arborum
1535 2301 1555 2337 ,
1613 2264 1790 2319 terra
1849 2251 2150 2343 marique
2205 2267 2447 2346 sponte
2511 2279 2638 2324 sua

536 2390 1111 2486 provenientium,
1146 2387 1327 2458 dicta
1345 2400 1464 2456 est.
1497 2389 1731 2457 Restat
1761 2409 2021 2475 earum,
2050 2411 2196 2481 quae
2226 2403 2368 2457 arte
2402 2406 2472 2459 et
2505 2390 2637 2460 hu-

538 2530 752 2599 manis
790 2528 1075 2623 ingeniis
1109 2524 1285 2595 fiunt
1320 2527 1542 2594 verius
1562 2575 1581 2612 ,
1613 2549 1817 2620 quam
1850 2539 2239 2595 nascuntur.
2269 2527 2400 2596 Sed
2435 2531 2635 2623 prius

536 2671 769 2740 mirari
792 2665 1124 2736 succurrit
1150 2687 1286 2757 qua
1317 2661 1669 2733 retulimus
1689 2663 1968 2757 penuria
1996 2687 2122 2757 pro
2150 2664 2436 2734 indiviso
2475 2692 2634 2760 pos-

536 2827 742 2876 sessas
767 2828 806 2872 a
828 2801 1015 2889 feriS,
1048 2799 1476 2896 depugnante
1514 2821 1670 2869 cum
1704 2799 1783 2868 iis
1819 2799 2094 2868 homine
2126 2802 2300 2871 circa
2336 2802 2630 2874 caducos

531 2943 828 3027 fructus,
870 2941 1049 3009 circa
1087 2938 1450 3033 pendentes
1487 2961 1648 3007 vero
1687 2951 1757 3006 et
1792 2962 1948 3006 cum
1978 2935 2287 3026 alitibus,
2327 2940 2399 3008 in
2437 2956 2632 3014 tanta

536 3079 925 3151 deliciarum
960 3077 1174 3171 pretia
1200 3077 1459 3144 venisse
1482 3111 1515 3165 ‚·
1543 3056 1913 3145 clarissimo
1943 3075 2068 3172 (ut
2099 3075 2412 3170 equidem
2446 3081 2632 3149 arbi·

533 3215 715 3312 tror)
740 3212 1045 3309 exemplo
1072 3215 1153 3283 L.
1185 3211 1441 3299 Crassi,
1477 3226 1678 3308 atque
1708 3215 1833 3282 Cn.
1861 3213 2143 3282 Domitii
2166 3215 2626 3288 Ahenobarbi.

530 3360 812 3428 Crassus
858 3366 1085 3423 orator
1122 3350 1251 3421 fuit
1303 3351 1373 3420 in
1413 3351 1649 3444 primis
1680 3351 1970 3421 nominis
2023 3354 2284 3422 romani
2316 3379 2333 3422 ε
2379 3355 2628 3427 domus

529 3490 591 3560 ei
625 3489 1019 3585 magnifica:
1065 3485 1181 3556 sed
1216 3484 1566 3581 aliquanto
1600 3486 2025 3579 praestantior
2050 3487 2126 3557 'in
2160 3490 2392 3560 eodem
2417 3492 2621 3564 Pala-

527 3626 657 3716 tio,
695 3627 783 3713 Q.
811 3622 1069 3713 Catuli,
1104 3622 1221 3717 qui
1255 3621 1568 3691 Cimbros
1603 3645 1758 3690 cum
1793 3625 1871 3693 C.
1905 3625 2126 3693 Mario
2165 3624 2357 3695 fudit.
2391 3627 2620 3699 Multo

529 3788 689 3833 vero
741 3760 1193 3856 pulcherrima
1239 3760 1573 3828 consensu
1613 3759 1918 3828 omnium
1969 3775 2158 3831 oetate
2206 3788 2283 3833 ea
2331 3766 2402 3833 in
2447 3767 2621 3838 colle

526 3896 887 3986 viminali,
910 3901 988 3968 C.
1015 3896 1290 3991 Aquilii‚
1316 3897 1561 3989 equitis
1589 3898 1893 3986 romani,
1916 3896 2217 3970 olax-ieris
2239 3899 2350 3972 illa
2373 3905 2577 3973 etiam
2596 3958 2616 3992 ‚

526 4063 731 4132 quam
759 4037 931 4130 juris
962 4032 1172 4103 civilis
1209 4035 1488 4102 scientia
1514 4085 1535 4123 ,
1573 4059 1786 4127 quum
1818 4049 2044 4105 tamen
2080 4037 2339 4133 objecta
2372 4044 2615 4111 Crasso
