<?xml version="1.0" encoding="UTF-8"?>
<!DOCTYPE html PUBLIC "-//W3C//DTD XHTML 1.0 Transitional//EN"
    "http://www.w3.org/TR/xhtml1/DTD/xhtml1-transitional.dtd">
<html xmlns="http://www.w3.org/1999/xhtml" xml:lang="en" lang="en">
 <head>
  <title>
</title>
<meta http-equiv="Content-Type" content="text/html;charset=utf-8" />
  <meta name='ocr-system' content='tesseract 3.04.00' />
  <meta name='ocr-capabilities' content='ocr_page ocr_carea ocr_par ocr_line ocrx_word'/>
</head>
<body>
  <div class='ocr_page' id='page_1' title='image "./histoirenaturel00grangoog_0345.png"; bbox 0 0 2941 4807; ppageno 0'>
   <div class='ocr_carea' id='block_1_1' title="bbox 5 2521 36 3162">
    <p class='ocr_par' dir='ltr' id='par_1_1' title="bbox 5 2521 36 3162">
     <span class='ocr_line' id='line_1_1' title="bbox 5 2521 36 3162; textangle 90"><span class='ocrx_word' id='word_1_1' title='bbox 5 2521 36 3162; x_wconf 44' lang='lat' dir='ltr'>URRU‘RR„„.=</span> 
     </span>
    </p>
   </div>
   <div class='ocr_carea' id='block_1_2' title="bbox 905 385 2411 448">
    <p class='ocr_par' dir='ltr' id='par_1_2' title="bbox 905 385 2411 448">
     <span class='ocr_line' id='line_1_2' title="bbox 905 385 2411 448; baseline -0.003 -1"><span class='ocrx_word' id='word_1_2' title='bbox 905 390 1154 448; x_wconf 80' lang='lat' dir='ltr'><strong>NOTES</strong></span> <span class='ocrx_word' id='word_1_3' title='bbox 1196 391 1304 446; x_wconf 91' lang='lat' dir='ltr'>DU</span> <span class='ocrx_word' id='word_1_4' title='bbox 1347 392 1582 447; x_wconf 85' lang='lat' dir='ltr'><strong>LIVRE</strong></span> <span class='ocrx_word' id='word_1_5' title='bbox 1609 393 1764 448; x_wconf 84' lang='lat' dir='ltr'>xvl.</span> <span class='ocrx_word' id='word_1_6' title='bbox 2298 385 2411 444; x_wconf 77' lang='lat'>335</span> 
     </span>
    </p>
   </div>
   <div class='ocr_carea' id='block_1_3' title="bbox 513 505 1986 1872">
    <p class='ocr_par' dir='ltr' id='par_1_3' title="bbox 513 505 1738 659">
     <span class='ocr_line' id='line_1_3' title="bbox 516 505 1726 577; baseline -0.003 -17"><span class='ocrx_word' id='word_1_7' title='bbox 516 507 608 561; x_wconf 86' lang='lat' dir='ltr'>Nil</span> <span class='ocrx_word' id='word_1_8' title='bbox 632 505 815 560; x_wconf 75' lang='lat' dir='ltr'>habuit</span> <span class='ocrx_word' id='word_1_9' title='bbox 840 505 1099 577; x_wconf 84' lang='lat' dir='ltr'>quondam</span> <span class='ocrx_word' id='word_1_10' title='bbox 1120 523 1313 576; x_wconf 84' lang='lat' dir='ltr'>quercu</span> <span class='ocrx_word' id='word_1_11' title='bbox 1334 507 1583 558; x_wconf 71' lang='lat' dir='ltr'><strong>sacratius</strong></span> <span class='ocrx_word' id='word_1_12' title='bbox 1607 507 1696 557; x_wconf 81' lang='lat' dir='ltr'>ina</span> <span class='ocrx_word' id='word_1_13' title='bbox 1711 543 1726 568; x_wconf 88' lang='lat'>,</span> 
     </span>
     <span class='ocr_line' id='line_1_4' title="bbox 513 587 1738 659; baseline -0.005 -18"><span class='ocrx_word' id='word_1_14' title='bbox 513 590 760 641; x_wconf 79' lang='lat' dir='ltr'>Divinum</span> <span class='ocrx_word' id='word_1_15' title='bbox 791 601 944 659; x_wconf 84' lang='lat' dir='ltr'>partu</span> <span class='ocrx_word' id='word_1_16' title='bbox 971 589 1160 640; x_wconf 80' lang='lat' dir='ltr'>tulerat</span> <span class='ocrx_word' id='word_1_17' title='bbox 1185 607 1299 658; x_wconf 80' lang='lat' dir='ltr'>quae</span> <span class='ocrx_word' id='word_1_18' title='bbox 1327 587 1494 639; x_wconf 83' lang='lat' dir='ltr'>divite</span> <span class='ocrx_word' id='word_1_19' title='bbox 1516 588 1738 640; x_wconf 83' lang='lat' dir='ltr'>viscum:</span> 
     </span>
    </p>

    <p class='ocr_par' dir='ltr' id='par_1_4' title="bbox 513 669 1986 985">
     <span class='ocr_line' id='line_1_5' title="bbox 513 669 1964 742; baseline -0.002 -19"><span class='ocrx_word' id='word_1_20' title='bbox 513 672 583 723; x_wconf 84' lang='lat' dir='ltr'>Et</span> <span class='ocrx_word' id='word_1_21' title='bbox 611 688 925 742; x_wconf 78' lang='lat' dir='ltr'>quamquam</span> <span class='ocrx_word' id='word_1_22' title='bbox 953 688 1161 722; x_wconf 85' lang='lat' dir='ltr'>nemore</span> <span class='ocrx_word' id='word_1_23' title='bbox 1189 689 1253 722; x_wconf 83' lang='lat' dir='ltr'>ex</span> <span class='ocrx_word' id='word_1_24' title='bbox 1277 670 1386 721; x_wconf 78' lang='lat' dir='ltr'>alto</span> <span class='ocrx_word' id='word_1_25' title='bbox 1414 670 1506 741; x_wconf 84' lang='lat' dir='ltr'>qui</span> <span class='ocrx_word' id='word_1_26' title='bbox 1531 669 1697 721; x_wconf 81' lang='lat' dir='ltr'>fausta</span> <span class='ocrx_word' id='word_1_27' title='bbox 1725 670 1964 723; x_wconf 77' lang='lat' dir='ltr'>tulissent</span> 
     </span>
     <span class='ocr_line' id='line_1_6' title="bbox 515 749 1986 824; baseline -0.002 -19"><span class='ocrx_word' id='word_1_28' title='bbox 515 755 678 824; x_wconf 78' lang='lat' dir='ltr'>Ligna</span> <span class='ocrx_word' id='word_1_29' title='bbox 705 757 945 815; x_wconf 85' lang='lat' dir='ltr'>domum,</span> <span class='ocrx_word' id='word_1_30' title='bbox 980 770 1074 804; x_wconf 85' lang='lat' dir='ltr'>nec</span> <span class='ocrx_word' id='word_1_31' title='bbox 1097 752 1210 804; x_wconf 82' lang='lat' dir='ltr'>dira</span> <span class='ocrx_word' id='word_1_32' title='bbox 1239 749 1336 804; x_wconf 81' lang='lat' dir='ltr'>sibi</span> <span class='ocrx_word' id='word_1_33' title='bbox 1365 750 1712 821; x_wconf 79' lang='lat' dir='ltr'>gregibusque</span> <span class='ocrx_word' id='word_1_34' title='bbox 1740 751 1986 802; x_wconf 73' lang='lat' dir='ltr'>timerent</span> 
     </span>
     <span class='ocr_line' id='line_1_7' title="bbox 516 833 1915 905; baseline -0.002 -18"><span class='ocrx_word' id='word_1_35' title='bbox 516 836 713 888; x_wconf 79' lang='lat' dir='ltr'>Toxica</span> <span class='ocrx_word' id='word_1_36' title='bbox 733 877 748 900; x_wconf 94' lang='lat'>‚</span> <span class='ocrx_word' id='word_1_37' title='bbox 775 853 869 886; x_wconf 87' lang='lat' dir='ltr'>nec</span> <span class='ocrx_word' id='word_1_38' title='bbox 894 834 1118 905; x_wconf 83' lang='lat' dir='ltr'>gravidis</span> <span class='ocrx_word' id='word_1_39' title='bbox 1141 835 1377 886; x_wconf 87' lang='lat' dir='ltr'>inimicos</span> <span class='ocrx_word' id='word_1_40' title='bbox 1403 833 1655 885; x_wconf 76' lang='lat' dir='ltr'><strong>messibus</strong></span> <span class='ocrx_word' id='word_1_41' title='bbox 1681 847 1915 898; x_wconf 79' lang='lat' dir='ltr'>austros3</span> 
     </span>
     <span class='ocr_line' id='line_1_8' title="bbox 518 917 1767 985; baseline -0.003 -14"><span class='ocrx_word' id='word_1_42' title='bbox 518 919 765 971; x_wconf 84' lang='lat' dir='ltr'>Germina</span> <span class='ocrx_word' id='word_1_43' title='bbox 792 935 932 969; x_wconf 87' lang='lat' dir='ltr'>sacra</span> <span class='ocrx_word' id='word_1_44' title='bbox 962 931 1131 970; x_wconf 82' lang='lat' dir='ltr'>tamen</span> <span class='ocrx_word' id='word_1_45' title='bbox 1159 919 1266 968; x_wconf 81' lang='lat' dir='ltr'>ritu</span> <span class='ocrx_word' id='word_1_46' title='bbox 1293 917 1525 968; x_wconf 86' lang='lat' dir='ltr'>demessa</span> <span class='ocrx_word' id='word_1_47' title='bbox 1550 929 1767 985; x_wconf 83' lang='lat' dir='ltr'>paterno</span> 
     </span>
    </p>

    <p class='ocr_par' dir='ltr' id='par_1_5' title="bbox 518 995 1889 1872">
     <span class='ocr_line' id='line_1_9' title="bbox 520 995 1850 1067; baseline -0.002 -16"><span class='ocrx_word' id='word_1_48' title='bbox 520 1000 620 1051; x_wconf 78' lang='lat' dir='ltr'>Per</span> <span class='ocrx_word' id='word_1_49' title='bbox 649 998 872 1051; x_wconf 81' lang='lat' dir='ltr'>Druidas</span> <span class='ocrx_word' id='word_1_50' title='bbox 900 998 1108 1067; x_wconf 66' lang='lat' dir='ltr'>templis</span> <span class='ocrx_word' id='word_1_51' title='bbox 1137 1000 1191 1049; x_wconf 83' lang='lat' dir='ltr'>iu</span> <span class='ocrx_word' id='word_1_52' title='bbox 1219 995 1427 1067; x_wconf 76' lang='lat' dir='ltr'>publica</span> <span class='ocrx_word' id='word_1_53' title='bbox 1445 998 1562 1065; x_wconf 79' lang='lat' dir='ltr'>jura</span> <span class='ocrx_word' id='word_1_54' title='bbox 1588 997 1850 1050; x_wconf 79' lang='lat' dir='ltr'>locabant.</span> 
     </span>
     <span class='ocr_line' id='line_1_10' title="bbox 520 1079 1839 1151; baseline -0.002 -18"><span class='ocrx_word' id='word_1_55' title='bbox 520 1081 661 1151; x_wconf 77' lang='lat' dir='ltr'>Ergo</span> <span class='ocrx_word' id='word_1_56' title='bbox 690 1099 829 1133; x_wconf 79' lang='lat' dir='ltr'>novo</span> <span class='ocrx_word' id='word_1_57' title='bbox 856 1095 1093 1149; x_wconf 78' lang='lat' dir='ltr'>surgente</span> <span class='ocrx_word' id='word_1_58' title='bbox 1112 1079 1197 1131; x_wconf 87' lang='lat' dir='ltr'>die</span> <span class='ocrx_word' id='word_1_59' title='bbox 1213 1117 1229 1140; x_wconf 88' lang='lat'>‚</span> <span class='ocrx_word' id='word_1_60' title='bbox 1257 1081 1537 1131; x_wconf 75' lang='lat' dir='ltr'>crescentia</span> <span class='ocrx_word' id='word_1_61' title='bbox 1564 1094 1839 1150; x_wconf 76' lang='lat' dir='ltr'>postquam</span> 
     </span>
     <span class='ocr_line' id='line_1_11' title="bbox 519 1161 1786 1232; baseline -0.002 -17"><span class='ocrx_word' id='word_1_62' title='bbox 519 1164 727 1217; x_wconf 80' lang='lat' dir='ltr'>Cornua</span> <span class='ocrx_word' id='word_1_63' title='bbox 754 1163 857 1232; x_wconf 88' lang='lat' dir='ltr'>jam</span> <span class='ocrx_word' id='word_1_64' title='bbox 887 1176 1036 1214; x_wconf 82' lang='lat' dir='ltr'>sexto</span> <span class='ocrx_word' id='word_1_65' title='bbox 1065 1161 1256 1213; x_wconf 84' lang='lat' dir='ltr'>Phoebe</span> <span class='ocrx_word' id='word_1_66' title='bbox 1284 1175 1613 1231; x_wconf 77' lang='lat' dir='ltr'><strong>reparaverat</strong></span> <span class='ocrx_word' id='word_1_67' title='bbox 1638 1175 1754 1214; x_wconf 85' lang='lat' dir='ltr'>ortu</span> <span class='ocrx_word' id='word_1_68' title='bbox 1771 1201 1786 1224; x_wconf 92' lang='lat'>,</span> 
     </span>
     <span class='ocr_line' id='line_1_12' title="bbox 518 1242 1847 1313; baseline -0.002 -16"><span class='ocrx_word' id='word_1_69' title='bbox 518 1245 780 1297; x_wconf 74' lang='lat' dir='ltr'>Nobilitas</span> <span class='ocrx_word' id='word_1_70' title='bbox 804 1263 921 1297; x_wconf 87' lang='lat' dir='ltr'>cum</span> <span class='ocrx_word' id='word_1_71' title='bbox 949 1243 1130 1313; x_wconf 84' lang='lat' dir='ltr'><strong>plebe,</strong></span> <span class='ocrx_word' id='word_1_72' title='bbox 1156 1245 1258 1295; x_wconf 81' lang='lat' dir='ltr'>viri</span> <span class='ocrx_word' id='word_1_73' title='bbox 1281 1262 1398 1295; x_wconf 87' lang='lat' dir='ltr'>cum</span> <span class='ocrx_word' id='word_1_74' title='bbox 1423 1242 1675 1295; x_wconf 81' lang='lat' dir='ltr'>matribus</span> <span class='ocrx_word' id='word_1_75' title='bbox 1701 1244 1847 1296; x_wconf 80' lang='lat' dir='ltr'>ibant</span> 
     </span>
     <span class='ocr_line' id='line_1_13' title="bbox 519 1326 1815 1396; baseline 0.001 -18"><span class='ocrx_word' id='word_1_76' title='bbox 519 1326 641 1396; x_wconf 85' lang='lat' dir='ltr'>Quo</span> <span class='ocrx_word' id='word_1_77' title='bbox 670 1345 758 1378; x_wconf 89' lang='lat' dir='ltr'>sua</span> <span class='ocrx_word' id='word_1_78' title='bbox 787 1346 880 1396; x_wconf 83' lang='lat' dir='ltr'>per</span> <span class='ocrx_word' id='word_1_79' title='bbox 904 1327 1049 1379; x_wconf 83' lang='lat' dir='ltr'>lucos</span> <span class='ocrx_word' id='word_1_80' title='bbox 1068 1345 1165 1394; x_wconf 70' lang='lat' dir='ltr'>per</span> <span class='ocrx_word' id='word_1_81' title='bbox 1195 1340 1245 1377; x_wconf 85' lang='lat' dir='ltr'>et</span> <span class='ocrx_word' id='word_1_82' title='bbox 1272 1327 1411 1377; x_wconf 80' lang='lat' dir='ltr'>invia</span> <span class='ocrx_word' id='word_1_83' title='bbox 1442 1344 1560 1379; x_wconf 78' lang='lat' dir='ltr'>saxa</span> <span class='ocrx_word' id='word_1_84' title='bbox 1588 1326 1815 1379; x_wconf 80' lang='lat' dir='ltr'>vocabat</span> 
     </span>
     <span class='ocr_line' id='line_1_14' title="bbox 521 1408 1816 1480; baseline -0.002 -19"><span class='ocrx_word' id='word_1_85' title='bbox 521 1410 773 1480; x_wconf 78' lang='lat' dir='ltr'>Belligi03</span> <span class='ocrx_word' id='word_1_86' title='bbox 804 1428 1003 1461; x_wconf 87' lang='lat' dir='ltr'>sacrum</span> <span class='ocrx_word' id='word_1_87' title='bbox 1023 1409 1290 1461; x_wconf 86' lang='lat' dir='ltr'>resecabat</span> <span class='ocrx_word' id='word_1_88' title='bbox 1316 1408 1383 1460; x_wconf 88' lang='lat' dir='ltr'>ab</span> <span class='ocrx_word' id='word_1_89' title='bbox 1408 1408 1591 1460; x_wconf 89' lang='lat' dir='ltr'>arbore</span> <span class='ocrx_word' id='word_1_90' title='bbox 1618 1428 1816 1460; x_wconf 84' lang='lat' dir='ltr'>ramum</span> 
     </span>
     <span class='ocr_line' id='line_1_15' title="bbox 524 1492 1844 1559; baseline -0.002 -15"><span class='ocrx_word' id='word_1_91' title='bbox 524 1495 699 1549; x_wconf 80' lang='lat' dir='ltr'>Aurea</span> <span class='ocrx_word' id='word_1_92' title='bbox 721 1492 830 1544; x_wconf 83' lang='lat' dir='ltr'>falx</span> <span class='ocrx_word' id='word_1_93' title='bbox 852 1514 866 1559; x_wconf 79' lang='lat'><em>3</em></span> <span class='ocrx_word' id='word_1_94' title='bbox 900 1510 1066 1559; x_wconf 82' lang='lat' dir='ltr'>neque</span> <span class='ocrx_word' id='word_1_95' title='bbox 1089 1494 1224 1542; x_wconf 89' lang='lat' dir='ltr'>enim</span> <span class='ocrx_word' id='word_1_96' title='bbox 1255 1493 1391 1543; x_wconf 86' lang='lat' dir='ltr'>ferro</span> <span class='ocrx_word' id='word_1_97' title='bbox 1417 1493 1612 1543; x_wconf 80' lang='lat' dir='ltr'>violare</span> <span class='ocrx_word' id='word_1_98' title='bbox 1639 1492 1844 1544; x_wconf 77' lang='lat' dir='ltr'>licebat.</span> 
     </span>
     <span class='ocr_line' id='line_1_16' title="bbox 527 1573 1813 1646; baseline 0 -20"><span class='ocrx_word' id='word_1_99' title='bbox 527 1575 781 1626; x_wconf 77' lang='lat' dir='ltr'>Gaudenti</span> <span class='ocrx_word' id='word_1_100' title='bbox 812 1576 1117 1643; x_wconf 78' lang='lat' dir='ltr'>praecinctus</span> <span class='ocrx_word' id='word_1_101' title='bbox 1144 1588 1252 1625; x_wconf 75' lang='lat' dir='ltr'>erat</span> <span class='ocrx_word' id='word_1_102' title='bbox 1275 1592 1375 1646; x_wconf 81' lang='lat' dir='ltr'>qua</span> <span class='ocrx_word' id='word_1_103' title='bbox 1405 1588 1551 1626; x_wconf 81' lang='lat' dir='ltr'>veste</span> <span class='ocrx_word' id='word_1_104' title='bbox 1577 1573 1813 1626; x_wconf 83' lang='lat' dir='ltr'>sacerdos</span> 
     </span>
     <span class='ocr_line' id='line_1_17' title="bbox 525 1655 1889 1725; baseline -0.001 -16"><span class='ocrx_word' id='word_1_105' title='bbox 525 1657 803 1725; x_wconf 83' lang='lat' dir='ltr'>Excipiens</span> <span class='ocrx_word' id='word_1_106' title='bbox 826 1659 1027 1708; x_wconf 81' lang='lat' dir='ltr'>viscum</span> <span class='ocrx_word' id='word_1_107' title='bbox 1052 1694 1066 1718; x_wconf 92' lang='lat'>‚</span> <span class='ocrx_word' id='word_1_108' title='bbox 1101 1656 1299 1724; x_wconf 83' lang='lat' dir='ltr'>populo</span> <span class='ocrx_word' id='word_1_109' title='bbox 1328 1655 1628 1723; x_wconf 77' lang='lat' dir='ltr'>plaudente,</span> <span class='ocrx_word' id='word_1_110' title='bbox 1659 1656 1755 1708; x_wconf 89' lang='lat' dir='ltr'>sub</span> <span class='ocrx_word' id='word_1_111' title='bbox 1781 1657 1889 1724; x_wconf 76' lang='lat' dir='ltr'>ipsa</span> 
     </span>
     <span class='ocr_line' id='line_1_18' title="bbox 523 1737 1834 1808; baseline 0.004 -23"><span class='ocrx_word' id='word_1_112' title='bbox 523 1737 750 1790; x_wconf 80' lang='lat' dir='ltr'>Grandia</span> <span class='ocrx_word' id='word_1_113' title='bbox 778 1752 1044 1790; x_wconf 80' lang='lat' dir='ltr'>taurorum</span> <span class='ocrx_word' id='word_1_114' title='bbox 1075 1737 1335 1789; x_wconf 79' lang='lat' dir='ltr'><strong>mactabat</strong></span> <span class='ocrx_word' id='word_1_115' title='bbox 1364 1756 1582 1808; x_wconf 83' lang='lat' dir='ltr'>corpora</span> <span class='ocrx_word' id='word_1_116' title='bbox 1606 1757 1796 1807; x_wconf 85' lang='lat' dir='ltr'>quercu</span> <span class='ocrx_word' id='word_1_117' title='bbox 1820 1778 1834 1801; x_wconf 92' lang='lat'>‚</span> 
     </span>
     <span class='ocr_line' id='line_1_19' title="bbox 526 1819 1709 1872; baseline -0.001 0"><span class='ocrx_word' id='word_1_118' title='bbox 526 1822 702 1872; x_wconf 82' lang='lat' dir='ltr'>Ausus</span> <span class='ocrx_word' id='word_1_119' title='bbox 729 1834 785 1871; x_wconf 81' lang='lat' dir='ltr'>et</span> <span class='ocrx_word' id='word_1_120' title='bbox 810 1819 1037 1870; x_wconf 86' lang='lat' dir='ltr'>humano</span> <span class='ocrx_word' id='word_1_121' title='bbox 1060 1820 1260 1870; x_wconf 86' lang='lat' dir='ltr'>cultros</span> <span class='ocrx_word' id='word_1_122' title='bbox 1287 1819 1484 1871; x_wconf 81' lang='lat' dir='ltr'>foedare</span> <span class='ocrx_word' id='word_1_123' title='bbox 1508 1837 1709 1871; x_wconf 88' lang='lat' dir='ltr'>cruore.</span> 
     </span>
    </p>
   </div>
   <div class='ocr_carea' id='block_1_4' title="bbox 872 1906 2033 1974">
    <p class='ocr_par' dir='ltr' id='par_1_6' title="bbox 872 1906 2033 1974">
     <span class='ocr_line' id='line_1_20' title="bbox 872 1906 2033 1974; baseline 0.003 -15"><span class='ocrx_word' id='word_1_124' title='bbox 872 1907 1042 1959; x_wconf 80' lang='lat' dir='ltr'><strong>Jacob</strong></span> <span class='ocrx_word' id='word_1_125' title='bbox 1071 1906 1362 1961; x_wconf 61' lang='lat' dir='ltr'>stuffian</span> <span class='ocrx_word' id='word_1_126' title='bbox 1382 1947 1397 1974; x_wconf 91' lang='lat'>,</span> <span class='ocrx_word' id='word_1_127' title='bbox 1438 1908 1624 1961; x_wconf 78' lang='lat' dir='ltr'>Pmd.</span> <span class='ocrx_word' id='word_1_128' title='bbox 1654 1920 1777 1961; x_wconf 75' lang='lat' dir='ltr'>rust.</span> <span class='ocrx_word' id='word_1_129' title='bbox 1797 1948 1811 1972; x_wconf 92' lang='lat'>,</span> <span class='ocrx_word' id='word_1_130' title='bbox 1840 1909 1933 1964; x_wconf 83' lang='lat' dir='ltr'>lib.</span> <span class='ocrx_word' id='word_1_131' title='bbox 1959 1928 2033 1964; x_wconf 76' lang='lat' dir='ltr'>vr.</span> 
     </span>
    </p>
   </div>
   <div class='ocr_carea' id='block_1_5' title="bbox 417 2068 2418 2158">
    <p class='ocr_par' dir='ltr' id='par_1_7' title="bbox 417 2068 2418 2158">
     <span class='ocr_line' id='line_1_21' title="bbox 417 2068 2418 2158; baseline 0 -25"><span class='ocrx_word' id='word_1_132' title='bbox 417 2072 558 2158; x_wconf 75' lang='grc'><strong>457.</strong></span> <span class='ocrx_word' id='word_1_133' title='bbox 584 2109 666 2122; x_wconf 91' lang='lat'>—-</span> <span class='ocrx_word' id='word_1_134' title='bbox 693 2074 845 2156; x_wconf 87' lang='lat' dir='ltr'>Page</span> <span class='ocrx_word' id='word_1_135' title='bbox 885 2068 998 2133; x_wconf 84' lang='lat'>186</span> <span class='ocrx_word' id='word_1_136' title='bbox 1017 2118 1035 2146; x_wconf 85' lang='lat'>‚</span> <span class='ocrx_word' id='word_1_137' title='bbox 1066 2073 1222 2156; x_wconf 86' lang='lat' dir='ltr'>ligne</span> <span class='ocrx_word' id='word_1_138' title='bbox 1255 2073 1344 2133; x_wconf 88' lang='lat'>13.</span> <span class='ocrx_word' id='word_1_139' title='bbox 1378 2076 1434 2133; x_wconf 83' lang='lat' dir='ltr'><em>F</em></span> <span class='ocrx_word' id='word_1_140' title='bbox 1428 2073 1773 2134; x_wconf 80' lang='lat' dir='ltr'>ecunditatem</span> <span class='ocrx_word' id='word_1_141' title='bbox 1794 2096 1853 2133; x_wconf 83' lang='lat' dir='ltr'>eo</span> <span class='ocrx_word' id='word_1_142' title='bbox 1869 2087 1998 2150; x_wconf 83' lang='lat' dir='ltr'>poto</span> <span class='ocrx_word' id='word_1_143' title='bbox 2035 2074 2162 2133; x_wconf 81' lang='lat' dir='ltr'>dan·</span> <span class='ocrx_word' id='word_1_144' title='bbox 2176 2074 2418 2134; x_wconf 76' lang='lat' dir='ltr'>cuicum-</span> 
     </span>
    </p>
   </div>
   <div class='ocr_carea' id='block_1_6' title="bbox 332 2171 2523 2252">
    <p class='ocr_par' dir='ltr' id='par_1_8' title="bbox 332 2171 2523 2252">
     <span class='ocr_line' id='line_1_22' title="bbox 332 2171 2523 2252; baseline 0 -22"><span class='ocrx_word' id='word_1_145' title='bbox 332 2195 437 2252; x_wconf 77' lang='lat' dir='ltr'>que</span> <span class='ocrx_word' id='word_1_146' title='bbox 455 2172 779 2232; x_wconf 79' lang='lat' dir='ltr'>animalium</span> <span class='ocrx_word' id='word_1_147' title='bbox 804 2171 979 2230; x_wconf 81' lang='lat' dir='ltr'>sterili</span> <span class='ocrx_word' id='word_1_148' title='bbox 998 2172 1337 2230; x_wconf 79' lang='lat' dir='ltr'>arbitrantur</span> <span class='ocrx_word' id='word_1_149' title='bbox 1354 2195 1371 2230; x_wconf 89' lang='lat'>.·</span> <span class='ocrx_word' id='word_1_150' title='bbox 1393 2182 1580 2231; x_wconf 77' lang='lat' dir='ltr'>contra</span> <span class='ocrx_word' id='word_1_151' title='bbox 1601 2193 1808 2232; x_wconf 73' lang='lat' dir='ltr'>venena</span> <span class='ocrx_word' id='word_1_152' title='bbox 1830 2173 2013 2231; x_wconf 86' lang='lat' dir='ltr'>omnia</span> <span class='ocrx_word' id='word_1_153' title='bbox 2032 2193 2153 2232; x_wconf 81' lang='lat' dir='ltr'>esse</span> <span class='ocrx_word' id='word_1_154' title='bbox 2173 2174 2421 2234; x_wconf 73' lang='lat' dir='ltr'>remedio.</span> <span class='ocrx_word' id='word_1_155' title='bbox 2502 2203 2523 2213; x_wconf 63' lang='lat'>„</span> 
     </span>
    </p>
   </div>
   <div class='ocr_carea' id='block_1_7' title="bbox 339 2258 2438 3535">
    <p class='ocr_par' dir='ltr' id='par_1_9' title="bbox 339 2258 2438 3535">
     <span class='ocr_line' id='line_1_23' title="bbox 342 2258 2424 2352; baseline 0 -22"><span class='ocrx_word' id='word_1_156' title='bbox 342 2271 532 2330; x_wconf 78' lang='lat' dir='ltr'>Tanta</span> <span class='ocrx_word' id='word_1_157' title='bbox 545 2271 778 2343; x_wconf 60' lang='lat' dir='ltr'>gerusiam</span> <span class='ocrx_word' id='word_1_158' title='bbox 795 2271 854 2329; x_wconf 84' lang='lat' dir='ltr'>in</span> <span class='ocrx_word' id='word_1_159' title='bbox 876 2270 1032 2328; x_wconf 78' lang='lat' dir='ltr'>rebus</span> <span class='ocrx_word' id='word_1_160' title='bbox 1035 2269 1260 2346; x_wconf 69' lang='lat' dir='ltr'>frivolis</span> <span class='ocrx_word' id='word_1_161' title='bbox 1268 2258 1773 2349; x_wconf 51' lang='lat' dir='ltr'>plerumquae&#39;relz&#39;gio</span> <span class='ocrx_word' id='word_1_162' title='bbox 1793 2273 1910 2329; x_wconf 84' lang='lat' dir='ltr'>est!</span> <span class='ocrx_word' id='word_1_163' title='bbox 1925 2271 2194 2352; x_wconf 76' lang='lat' dir='ltr'>Naguere</span> <span class='ocrx_word' id='word_1_164' title='bbox 2212 2292 2424 2332; x_wconf 84' lang='lat' dir='ltr'>encore</span> 
     </span>
     <span class='ocr_line' id='line_1_24' title="bbox 339 2356 2420 2452; baseline 0 -21"><span class='ocrx_word' id='word_1_165' title='bbox 339 2390 423 2432; x_wconf 88' lang='lat' dir='ltr'>on</span> <span class='ocrx_word' id='word_1_166' title='bbox 450 2368 745 2429; x_wconf 80' lang='lat' dir='ltr'>attribuait</span> <span class='ocrx_word' id='word_1_167' title='bbox 773 2389 848 2428; x_wconf 83' lang='lat' dir='ltr'>au</span> <span class='ocrx_word' id='word_1_168' title='bbox 868 2367 967 2451; x_wconf 83' lang='lat' dir='ltr'>gui</span> <span class='ocrx_word' id='word_1_169' title='bbox 994 2367 1094 2438; x_wconf 75' lang='lat' dir='ltr'>des</span> <span class='ocrx_word' id='word_1_170' title='bbox 1119 2368 1444 2446; x_wconf 62' lang='lat' dir='ltr'>proprietas</span> <span class='ocrx_word' id='word_1_171' title='bbox 1475 2356 1901 2431; x_wconf 80' lang='lat' dir='ltr'>merveilleuses</span> <span class='ocrx_word' id='word_1_172' title='bbox 1926 2391 1940 2428; x_wconf 74' lang='grc' dir='ltr'><strong><em>ε</em></strong></span> <span class='ocrx_word' id='word_1_173' title='bbox 1973 2390 2051 2430; x_wconf 86' lang='lat' dir='ltr'>on</span> <span class='ocrx_word' id='word_1_174' title='bbox 2083 2371 2137 2430; x_wconf 83' lang='lat' dir='ltr'>le</span> <span class='ocrx_word' id='word_1_175' title='bbox 2166 2371 2420 2452; x_wconf 78' lang='lat' dir='ltr'>croyait,</span> 
     </span>
     <span class='ocr_line' id='line_1_25' title="bbox 339 2466 2427 2548; baseline 0.001 -21"><span class='ocrx_word' id='word_1_176' title='bbox 339 2489 446 2546; x_wconf 83' lang='lat' dir='ltr'>par</span> <span class='ocrx_word' id='word_1_177' title='bbox 469 2467 748 2545; x_wconf 84' lang='lat' dir='ltr'>exemple‚</span> <span class='ocrx_word' id='word_1_178' title='bbox 777 2466 1006 2543; x_wconf 80' lang='lat' dir='ltr'><strong>capable</strong></span> <span class='ocrx_word' id='word_1_179' title='bbox 1029 2467 1101 2526; x_wconf 87' lang='lat' dir='ltr'>de</span> <span class='ocrx_word' id='word_1_180' title='bbox 1126 2466 1322 2548; x_wconf 72' lang='lat' dir='ltr'>guerit</span> <span class='ocrx_word' id='word_1_181' title='bbox 1342 2467 1680 2543; x_wconf 75' lang='lat' dir='ltr'>l&#39;epilepsie,</span> <span class='ocrx_word' id='word_1_182' title='bbox 1702 2467 1939 2527; x_wconf 86' lang='lat' dir='ltr'>maladie</span> <span class='ocrx_word' id='word_1_183' title='bbox 1956 2467 2199 2528; x_wconf 83' lang='lat' dir='ltr'>affreuse</span> <span class='ocrx_word' id='word_1_184' title='bbox 2223 2481 2427 2529; x_wconf 86' lang='lat' dir='ltr'>contre</span> 
     </span>
     <span class='ocr_line' id='line_1_26' title="bbox 339 2565 2425 2650; baseline 0.001 -24"><span class='ocrx_word' id='word_1_185' title='bbox 339 2565 588 2647; x_wconf 82' lang='lat' dir='ltr'>laquelle</span> <span class='ocrx_word' id='word_1_186' title='bbox 631 2566 917 2625; x_wconf 74' lang='lat' dir='ltr'>echouent</span> <span class='ocrx_word' id='word_1_187' title='bbox 957 2577 1091 2624; x_wconf 83' lang='lat' dir='ltr'>tous</span> <span class='ocrx_word' id='word_1_188' title='bbox 1132 2565 1214 2625; x_wconf 90' lang='lat' dir='ltr'>les</span> <span class='ocrx_word' id='word_1_189' title='bbox 1257 2587 1492 2626; x_wconf 88' lang='lat' dir='ltr'>secours</span> <span class='ocrx_word' id='word_1_190' title='bbox 1536 2565 1606 2625; x_wconf 88' lang='lat' dir='ltr'>de</span> <span class='ocrx_word' id='word_1_191' title='bbox 1648 2565 1703 2626; x_wconf 88' lang='lat' dir='ltr'>la</span> <span class='ocrx_word' id='word_1_192' title='bbox 1743 2566 2052 2626; x_wconf 71' lang='lat' dir='ltr'>medecine.</span> <span class='ocrx_word' id='word_1_193' title='bbox 2095 2570 2177 2627; x_wconf 85' lang='lat' dir='ltr'>Le</span> <span class='ocrx_word' id='word_1_194' title='bbox 2216 2567 2313 2650; x_wconf 81' lang='lat' dir='ltr'>¹gui</span> <span class='ocrx_word' id='word_1_195' title='bbox 2351 2590 2425 2629; x_wconf 86' lang='lat' dir='ltr'>ne</span> 
     </span>
     <span class='ocr_line' id='line_1_27' title="bbox 341 2662 2429 2747; baseline 0.001 -23"><span class='ocrx_word' id='word_1_196' title='bbox 341 2666 528 2747; x_wconf 81' lang='lat' dir='ltr'>figure</span> <span class='ocrx_word' id='word_1_197' title='bbox 574 2664 703 2741; x_wconf 80' lang='lat' dir='ltr'>plus</span> <span class='ocrx_word' id='word_1_198' title='bbox 743 2662 1116 2745; x_wconf 82' lang='lat' dir='ltr'>aujourd’bui</span> <span class='ocrx_word' id='word_1_199' title='bbox 1157 2662 1294 2723; x_wconf 86' lang='lat' dir='ltr'>dans</span> <span class='ocrx_word' id='word_1_200' title='bbox 1342 2663 1395 2723; x_wconf 85' lang='lat' dir='ltr'>la</span> <span class='ocrx_word' id='word_1_201' title='bbox 1445 2664 1681 2724; x_wconf 78' lang='lat' dir='ltr'>matiere</span> <span class='ocrx_word' id='word_1_202' title='bbox 1727 2664 2002 2725; x_wconf 72' lang='lat' dir='ltr'>medicale</span> <span class='ocrx_word' id='word_1_203' title='bbox 2046 2665 2145 2725; x_wconf 85' lang='lat' dir='ltr'>des</span> <span class='ocrx_word' id='word_1_204' title='bbox 2189 2665 2429 2743; x_wconf 82' lang='lat' dir='ltr'>peuples</span> 
     </span>
     <span class='ocr_line' id='line_1_28' title="bbox 344 2761 2426 2842; baseline 0.001 -18"><span class='ocrx_word' id='word_1_205' title='bbox 344 2763 600 2824; x_wconf 70' lang='lat' dir='ltr'>eclaireS.</span> <span class='ocrx_word' id='word_1_206' title='bbox 640 2761 884 2838; x_wconf 83' lang='lat' dir='ltr'>Faisous</span> <span class='ocrx_word' id='word_1_207' title='bbox 921 2783 1255 2842; x_wconf 83' lang='lat' dir='ltr'>remarquer</span> <span class='ocrx_word' id='word_1_208' title='bbox 1283 2782 1395 2841; x_wconf 89' lang='lat' dir='ltr'>que</span> <span class='ocrx_word' id='word_1_209' title='bbox 1436 2774 1607 2823; x_wconf 83' lang='lat' dir='ltr'>notre</span> <span class='ocrx_word' id='word_1_210' title='bbox 1637 2776 1840 2824; x_wconf 80' lang='lat' dir='ltr'>auteur</span> <span class='ocrx_word' id='word_1_211' title='bbox 1871 2764 2116 2828; x_wconf 84' lang='lat' dir='ltr'>termine</span> <span class='ocrx_word' id='word_1_212' title='bbox 2144 2786 2208 2825; x_wconf 87' lang='lat' dir='ltr'>ce</span> <span class='ocrx_word' id='word_1_213' title='bbox 2249 2766 2426 2842; x_wconf 85' lang='lat' dir='ltr'>livre,</span> 
     </span>
     <span class='ocr_line' id='line_1_29' title="bbox 347 2845 2422 2941; baseline 0.001 -20"><span class='ocrx_word' id='word_1_214' title='bbox 347 2867 430 2922; x_wconf 75' lang='grc' dir='ltr'>οὺ</span> <span class='ocrx_word' id='word_1_215' title='bbox 455 2872 580 2921; x_wconf 81' lang='lat' dir='ltr'>tant</span> <span class='ocrx_word' id='word_1_216' title='bbox 602 2862 673 2921; x_wconf 88' lang='lat' dir='ltr'>de</span> <span class='ocrx_word' id='word_1_217' title='bbox 696 2860 989 2941; x_wconf 78' lang='lat' dir='ltr'>pratiques</span> <span class='ocrx_word' id='word_1_218' title='bbox 1011 2859 1468 2936; x_wconf 81' lang='lat' dir='ltr'>superstitieuses</span> <span class='ocrx_word' id='word_1_219' title='bbox 1495 2873 1629 2920; x_wconf 85' lang='lat' dir='ltr'>sont</span> <span class='ocrx_word' id='word_1_220' title='bbox 1650 2867 1956 2922; x_wconf 76' lang='lat' dir='ltr'>ramassees</span> <span class='ocrx_word' id='word_1_221' title='bbox 1982 2884 2107 2922; x_wconf 88' lang='lat' dir='ltr'>sans</span> <span class='ocrx_word' id='word_1_222' title='bbox 2136 2845 2422 2924; x_wconf 37' lang='lat' dir='ltr'>discerne*-</span> 
     </span>
     <span class='ocr_line' id='line_1_30' title="bbox 346 2941 2435 3038; baseline -0.001 -16"><span class='ocrx_word' id='word_1_223' title='bbox 346 2973 509 3022; x_wconf 75' lang='lat' dir='ltr'>ment</span> <span class='ocrx_word' id='word_1_224' title='bbox 535 2972 595 3020; x_wconf 84' lang='lat' dir='ltr'>et</span> <span class='ocrx_word' id='word_1_225' title='bbox 620 2960 895 3036; x_wconf 76' lang='lat' dir='ltr'>adoptees</span> <span class='ocrx_word' id='word_1_226' title='bbox 926 2980 1053 3019; x_wconf 87' lang='lat' dir='ltr'>sans</span> <span class='ocrx_word' id='word_1_227' title='bbox 1082 2955 1402 3018; x_wconf 80' lang='lat' dir='ltr'>discussion</span> <span class='ocrx_word' id='word_1_228' title='bbox 1426 3002 1444 3032; x_wconf 86' lang='lat'>.‚</span> <span class='ocrx_word' id='word_1_229' title='bbox 1477 2979 1579 3034; x_wconf 86' lang='lat' dir='ltr'>par</span> <span class='ocrx_word' id='word_1_230' title='bbox 1608 2980 1721 3020; x_wconf 88' lang='lat' dir='ltr'>une</span> <span class='ocrx_word' id='word_1_231' title='bbox 1754 2959 2027 3021; x_wconf 74' lang='lat' dir='ltr'>reflexion</span> <span class='ocrx_word' id='word_1_232' title='bbox 2054 2941 2435 3038; x_wconf 67' lang='lat' dir='ltr'>philosophi-&#39;³</span> 
     </span>
     <span class='ocr_line' id='line_1_31' title="bbox 346 3056 2435 3141; baseline 0 -23"><span class='ocrx_word' id='word_1_233' title='bbox 346 3080 465 3141; x_wconf 89' lang='lat' dir='ltr'>que</span> <span class='ocrx_word' id='word_1_234' title='bbox 494 3057 682 3135; x_wconf 83' lang='lat' dir='ltr'>pleine</span> <span class='ocrx_word' id='word_1_235' title='bbox 712 3059 783 3118; x_wconf 87' lang='lat' dir='ltr'>de</span> <span class='ocrx_word' id='word_1_236' title='bbox 816 3078 947 3118; x_wconf 88' lang='lat' dir='ltr'>sens</span> <span class='ocrx_word' id='word_1_237' title='bbox 978 3068 1037 3117; x_wconf 87' lang='lat' dir='ltr'>et</span> <span class='ocrx_word' id='word_1_238' title='bbox 1066 3056 1138 3116; x_wconf 86' lang='lat' dir='ltr'>de</span> <span class='ocrx_word' id='word_1_239' title='bbox 1163 3058 1422 3136; x_wconf 74' lang='lat' dir='ltr'>justesse.</span> <span class='ocrx_word' id='word_1_240' title='bbox 1455 3056 1669 3130; x_wconf 81' lang='lat' dir='ltr'>Quand</span> <span class='ocrx_word' id='word_1_241' title='bbox 1697 3057 1862 3116; x_wconf 88' lang='lat' dir='ltr'>Pline</span> <span class='ocrx_word' id='word_1_242' title='bbox 1901 3069 1989 3117; x_wconf 83' lang='lat' dir='ltr'>est</span> <span class='ocrx_word' id='word_1_243' title='bbox 2018 3059 2435 3135; x_wconf 70' lang='lat' dir='ltr'>compilateur‚</span> 
     </span>
     <span class='ocr_line' id='line_1_32' title="bbox 348 3153 2434 3237; baseline -0.001 -19"><span class='ocrx_word' id='word_1_244' title='bbox 348 3158 396 3218; x_wconf 85' lang='lat' dir='ltr'>il</span> <span class='ocrx_word' id='word_1_245' title='bbox 433 3169 522 3218; x_wconf 86' lang='lat' dir='ltr'>est</span> <span class='ocrx_word' id='word_1_246' title='bbox 557 3179 630 3216; x_wconf 86' lang='lat' dir='ltr'>au</span> <span class='ocrx_word' id='word_1_247' title='bbox 673 3157 908 3216; x_wconf 89' lang='lat' dir='ltr'>dessous</span> <span class='ocrx_word' id='word_1_248' title='bbox 941 3154 1012 3214; x_wconf 89' lang='lat' dir='ltr'>de</span> <span class='ocrx_word' id='word_1_249' title='bbox 1053 3175 1161 3214; x_wconf 88' lang='lat' dir='ltr'>son</span> <span class='ocrx_word' id='word_1_250' title='bbox 1203 3153 1375 3214; x_wconf 78' lang='lat' dir='ltr'>siecle</span> <span class='ocrx_word' id='word_1_251' title='bbox 1417 3165 1476 3214; x_wconf 88' lang='lat' dir='ltr'>et</span> <span class='ocrx_word' id='word_1_252' title='bbox 1516 3154 1585 3214; x_wconf 88' lang='lat' dir='ltr'>de</span> <span class='ocrx_word' id='word_1_253' title='bbox 1625 3153 1956 3227; x_wconf 68' lang='lat' dir='ltr'>lui-meme3</span> <span class='ocrx_word' id='word_1_254' title='bbox 1987 3156 2126 3216; x_wconf 87' lang='lat' dir='ltr'>mais</span> <span class='ocrx_word' id='word_1_255' title='bbox 2171 3156 2434 3237; x_wconf 84' lang='lat' dir='ltr'>lorsqu’il</span> 
     </span>
     <span class='ocr_line' id='line_1_33' title="bbox 348 3252 2438 3338; baseline -0.001 -20"><span class='ocrx_word' id='word_1_256' title='bbox 348 3270 493 3332; x_wconf 69' lang='lat' dir='ltr'>‘yeut</span> <span class='ocrx_word' id='word_1_257' title='bbox 522 3278 582 3317; x_wconf 90' lang='lat' dir='ltr'>se</span> <span class='ocrx_word' id='word_1_258' title='bbox 612 3256 794 3316; x_wconf 84' lang='lat' dir='ltr'>servir</span> <span class='ocrx_word' id='word_1_259' title='bbox 824 3256 895 3315; x_wconf 86' lang='lat' dir='ltr'>de</span> <span class='ocrx_word' id='word_1_260' title='bbox 935 3276 994 3315; x_wconf 87' lang='lat' dir='ltr'>sa</span> <span class='ocrx_word' id='word_1_261' title='bbox 1032 3254 1206 3313; x_wconf 84' lang='lat' dir='ltr'>haute</span> <span class='ocrx_word' id='word_1_262' title='bbox 1235 3252 1600 3335; x_wconf 82' lang='lat' dir='ltr'>intelligence</span> <span class='ocrx_word' id='word_1_263' title='bbox 1620 3298 1638 3327; x_wconf 84' lang='lat'><strong>‚</strong></span> <span class='ocrx_word' id='word_1_264' title='bbox 1676 3266 1734 3313; x_wconf 88' lang='lat' dir='ltr'>et</span> <span class='ocrx_word' id='word_1_265' title='bbox 1766 3255 1954 3331; x_wconf 87' lang='lat' dir='ltr'>parler</span> <span class='ocrx_word' id='word_1_266' title='bbox 1985 3277 2112 3315; x_wconf 87' lang='lat' dir='ltr'>sans</span> <span class='ocrx_word' id='word_1_267' title='bbox 2152 3256 2323 3338; x_wconf 84' lang='lat' dir='ltr'>guide</span> <span class='ocrx_word' id='word_1_268' title='bbox 2346 3301 2364 3332; x_wconf 86' lang='lat'>‚</span> <span class='ocrx_word' id='word_1_269' title='bbox 2395 3255 2438 3316; x_wconf 83' lang='lat' dir='ltr'>il</span> 
     </span>
     <span class='ocr_line' id='line_1_34' title="bbox 355 3351 2438 3429; baseline -0.001 -12"><span class='ocrx_word' id='word_1_270' title='bbox 355 3354 568 3417; x_wconf 67' lang='lat' dir='ltr'>s’eleve</span> <span class='ocrx_word' id='word_1_271' title='bbox 594 3354 824 3414; x_wconf 68' lang='lat' dir='ltr'>hiemat</span> <span class='ocrx_word' id='word_1_272' title='bbox 849 3375 923 3413; x_wconf 85' lang='lat' dir='ltr'>au</span> <span class='ocrx_word' id='word_1_273' title='bbox 967 3352 1170 3413; x_wconf 81' lang='lat' dir='ltr'>niveau</span> <span class='ocrx_word' id='word_1_274' title='bbox 1202 3351 1273 3411; x_wconf 86' lang='lat' dir='ltr'>de</span> <span class='ocrx_word' id='word_1_275' title='bbox 1312 3373 1400 3411; x_wconf 90' lang='lat' dir='ltr'>ses</span> <span class='ocrx_word' id='word_1_276' title='bbox 1435 3352 1933 3429; x_wconf 70' lang='lat' dir='ltr'>contempni-aim,</span> <span class='ocrx_word' id='word_1_277' title='bbox 1967 3375 2038 3413; x_wconf 88' lang='lat' dir='ltr'>au</span> <span class='ocrx_word' id='word_1_278' title='bbox 2070 3355 2266 3414; x_wconf 85' lang='lat' dir='ltr'>dessus</span> <span class='ocrx_word' id='word_1_279' title='bbox 2296 3356 2438 3415; x_wconf 83' lang='lat' dir='ltr'>des-</span> 
     </span>
     <span class='ocr_line' id='line_1_35' title="bbox 355 3450 1630 3535; baseline -0.004 -21"><span class='ocrx_word' id='word_1_280' title='bbox 355 3453 522 3535; x_wconf 81' lang='lat' dir='ltr'>quels</span> <span class='ocrx_word' id='word_1_281' title='bbox 551 3474 660 3513; x_wconf 90' lang='lat' dir='ltr'>son</span> <span class='ocrx_word' id='word_1_282' title='bbox 699 3453 866 3534; x_wconf 74' lang='lat' dir='ltr'>genie</span> <span class='ocrx_word' id='word_1_283' title='bbox 894 3452 1112 3512; x_wconf 75' lang='lat' dir='ltr'>s’eleve</span> <span class='ocrx_word' id='word_1_284' title='bbox 1141 3450 1324 3510; x_wconf 72' lang='lat' dir='ltr'>meme</span> <span class='ocrx_word' id='word_1_285' title='bbox 1362 3462 1630 3512; x_wconf 86' lang='lat' dir='ltr'>souvent.</span> 
     </span>
    </p>
   </div>
  </div>
 </body>
</html>
