2941 4807
521 416 639 485 364·
971 419 1034 475 C.
1076 419 1307 476 PLINu
1349 420 1542 477 HIST.
1588 423 1760 478 NAT.
1802 424 1944 496 LIB.
1974 426 2162 482 XVII.

523 542 670 613 ⁴fere
711 557 811 613 est
861 544 930 612 in
983 544 1333 616 novalibus
1372 572 1537 617 caesa
1580 563 1801 618 vetere
1841 548 2002 620 silva
2030 603 2049 635 ,
2099 577 2635 645 quae-consensu

534 684 869 757 laudatur.

635 893 727 966 Et
771 892 844 962 in
893 890 1203 991 frugibus
1237 894 1512 987 quidem
1561 894 1855 966 ferendis
1888 897 2119 970 eadem
2158 912 2341 970 terra
2391 894 2641 967 utilior

539 1034 960 1129 intelligitur,
983 1039 1247 1130 quoties
1285 1040 1658 1109 intermissa
1693 1039 1961 1110 cultura
1999 1042 2296 1136 quievit:
2333 1041 2520 1135 quod
2558 1042 2635 1108 in

538 1180 748 1248 vineis
783 1205 920 1249 non
953 1181 1044 1250 fit.
1095 1186 1329 1278 quue
1381 1183 1768 1279 diligentius
1824 1185 2129 1280 eligenda
2162 1201 2302 1273 est,
2348 1210 2431 1254 ne
2472 1211 2639 1255 vera

535 1329 810 1397 exsistat
844 1328 1076 1428 opinio
1111 1355 1383 1418 eorum,
1419 1332 1536 1425 qui
1579 1331 1716 1425 jam
1748 1330 1960 1402 Italiae
2001 1348 2249 1401 terram
2289 1332 2639 1401 existima-

543 1499 696 1543 vere
738 1472 998 1546 lassam.
1042 1478 1286 1572 Operis
1328 1475 1601 1570 quidem
1644 1474 1929 1550 facultas
1970 1480 2041 1548 in
2086 1478 2235 1548 aliis
2271 1478 2640 1574 generibus

537 1633 803 1690 constat
847 1632 912 1690 et
953 1616 1166 1692 caelo:
1210 1643 1336 1689 nec
1388 1634 1607 1713 potest
1654 1619 1832 1692 arari
1871 1636 2024 1715 post
2063 1621 2315 1692 imbres
2354 1620 2591 1715 aliqua
2618 1672 2644 1707 ,

542 1762 870 1832 ubertatis
902 1763 1066 1832 vitio
1099 1760 1489 1834 lentescens.
1532 1767 1818 1850 Contra,
1856 1765 1926 1833 in
1961 1766 2244 1861 Byzacio
2274 1763 2523 1834 Africae
2551 1762 2643 1832 il·

535 1908 677 1978 lum
698 1924 977 1979 centena
1003 1909 1476 2005 quinquagena
1500 1909 1690 2005 fruge
1714 1907 2001 1978 fertilem
2020 1935 2362 2005 campum,
2393 1909 2637 1994 nulli3‚

539 2079 750 2148 quum
777 2053 990 2122 siccus
1019 2068 1154 2141 est,
1180 2051 1503 2123 arabilem
1543 2054 1780 2142 tauriS‚
1809 2069 1963 2149 post
1995 2053 2241 2123 imbres
2260 2051 2376 2122 vili
2398 2050 2636 2142 ase110,

539 2212 608 2270 et
637 2222 677 2266 a
719 2210 906 2292 parte
942 2195 1152 2270 altera
1179 2196 1367 2292 jugi,
1409 2222 1546 2266 anu
1580 2221 1922 2268 vomerem
1963 2197 2299 2301 trahente,
2337 2195 2639 2266 vidimus

542 2341 774 2413 scindi.
823 2344 1096 2414 Terram
1145 2341 1330 2411 enim
1373 2356 1551 2413 terra
1591 2341 1932 2413 emendari
1975 2339 2109 2437 (ut
2143 2338 2350 2434 aliqui
2390 2340 2641 2434 praeci-

546 2487 777 2585 piunt)
817 2512 1021 2583 supet·
1052 2502 1321 2557 tenuem
1358 2488 1591 2583 pingui
1623 2488 1904 2581 injecta,
1945 2503 2065 2558 aut
2099 2484 2331 2580 gracili
2366 2483 2639 2554 bibula-

546 2658 675 2727 que
717 2657 922 2726 supet·
954 2631 1300 2701 humidam
1344 2657 1419 2701 ac
1468 2633 1920 2728 praepinguem
1946 2685 1966 2723 ,
2025 2632 2353 2701 dementia
2409 2655 2636 2726 operae

543 2794 661 2847 est.
698 2775 882 2867 Quid
916 2791 1137 2871 potest
1181 2802 1446 2873 sperare
1486 2780 1604 2872 qui
1636 2775 1837 2847 talem
1879 2776 2095 2849 colit?

755 3295 845 3360 De
881 3296 1046 3351 terris
1082 3314 1219 3372 quas
1253 3296 1468 3353 Graeeia
1496 3306 1554 3351 et
1586 3294 1783 3350 Galliae
1802 3292 2019 3366 jactant
2045 3309 2259 3367 genera
2293 3307 2439 3343 v111.

643 3514 761 3583 IV.
796 3514 862 3584 6.
910 3515 1059 3588 Alia
1089 3534 1189 3588 est
1222 3521 1427 3606 rati0,
1466 3508 1671 3614 quam
1704 3520 2049 3588 Britannia
2080 3490 2145 3584 εἰ
2185 3513 2406 3583 Gallia
2442 3513 2631 3581 inve-

548 3679 709 3726 nere
737 3653 959 3727 alendi
980 3681 1126 3729 earn
1168 3658 1313 3751 ipsa
1334 3684 1356 3727 ι
1378 3658 1564 3752 quod
1591 3683 1801 3753 genus
1831 3670 2079 3729 vocant
2105 3676 2426 3748 mar-gam.
2454 3652 2638 3744 Spis-

541 3795 685 3865 sior
725 3796 989 3867 ubertas
1028 3797 1100 3867 in
1127 3821 1205 3866 ea
1240 3796 1656 3894 intelligitur.
1699 3802 1817 3871 Est
1856 3811 2081 3869 autem
2119 3792 2397 3889 quidam
2442 3807 2637 3863 terrae

540 3931 750 4027 adeps
776 3985 795 4021 ,
835 3957 911 4002 ac
946 3931 1128 4001 velut
1167 3932 1435 4028 glandia
1475 3936 1547 4005 in
1588 3933 1982 4029 corporibus
2007 3985 2025 4018 ‚
2074 3932 2166 4001 ibi
2199 3912 2520 3999 densante
2562 3952 2632 3997 se

548 4068 1038 4163 pinguitudinis
1067 4068 1325 4140 nucleo.
