2941 4807
548 439 655 500 144
1025 430 1087 487 C.
1128 430 1363 488 PLINII
1404 428 1593 486 HIST.
1637 429 1811 485 NAT.
1855 429 1995 484 LIB.
2026 429 2187 516 XVI.

2810 0 2884 365 p

545 558 830 651 datque:
868 556 1048 648 quod
1084 558 1153 624 in
1187 556 1420 624 subere
1454 555 1845 649 tempestive
1878 563 2338 649 quoque'caeso
2378 555 2621 621 evenit.

544 702 893 771 Infinitum
922 699 1126 768 refert
1163 715 1230 768 et
1265 697 1517 768 lunaris
1555 700 1766 767 ratio:
1801 723 1924 766 nec
1961 698 2087 768 nisi
2125 723 2164 766 a
2203 699 2516 767 vicesima
2553 699 2627 765 in

545 847 944 927 tricesimam
1007 845 1171 914 caedi
1233 843 1492 913 volunt.
1542 830 1726 912 Inter
1778 868 2006 912 omnes
2061 864 2219 912 vero
2274 843 2628 929 conirenit,

550 988 894 1058 utilissime
924 989 993 1057 in
1026 989 1207 1058 coitu
1238 989 1379 1081 ejus
1406 991 1643 1076 sterni,
1673 1012 1874 1082 quem
1902 989 2077 1056 diem
2105 982 2218 1057 alii
2249 987 2631 1074 interlunii‚

533 1133 663 1203 <alii
691 1132 943 1202 silentis
968 1129 1144 1200 lunae
1169 1130 1526 1227 appellant.
1559 1133 1666 1200 Sic
1695 1146 1872 1199 certe
1891 1132 2197 1200 Tiberius
2217 1134 2439 1201 Caesar
2471 1156 2635 1201 con-

550 1291 844 1395 cremato
887 1290 1092 1370 ponte
1131 1274 1652 1346 Naumachiario
1670 1326 1689 1358 ‚
1732 1273 1967 1343 larices
2005 1274 2090 1342 ad
2137 1273 2637 1344 restituendum

549 1419 712 1489 caedi
754 1421 824 1487 in
860 1418 1123 1505 Rhaetia
1161 1417 1538 1512 praefinivit.
1578 1417 1877 1506 Quidam
1920 1418 2190 1506 dicunt,
2233 1435 2310 1488 ut
2340 1420 2412 1488 in
2452 1421 2639 1488 coitu

550 1578 616 1631 et
653 1563 774 1631 sub
817 1576 995 1629 terra
1034 1562 1118 1628 sit
1150 1558 1311 1628 luna
1344 1586 1358 1627 ε
1402 1558 1591 1652 quod
1631 1559 1777 1628 fieri
1817 1584 1953 1628 non
1992 1557 2209 1655 potest
2246 1560 2372 1630 nisi
2406 1578 2639 1632 nocta.

556 1710 643 1776 At
672 1707 725 1773 si
759 1717 1140 1798 competant
1172 1703 1382 1771 coitus
1420 1704 1486 1769 in
1521 1704 1959 1771 novissimum
1992 1703 2172 1773 diem
2203 1705 2488 1794 brumae,
2521 1704 2643 1774 illa

559 1850 644 1917 sit
685 1863 932 1916 aeterna
966 1846 1270 1915 materies
1304 1872 1317 1912 :
1362 1846 1703 1939 proxime,
1737 1871 1890 1914 cum
1932 1872 2134 1940 supra
2177 1848 2368 1919 dictis
2401 1847 2642 1919 sideri-

556 1993 701 2060 bus,
738 1990 1033 2079 Quidam
1072 2005 1137 2058 et
1174 1990 1379 2058 Canis
1415 2004 1640 2056 ortum
1683 1989 1977 2078 addunt,
2018 2005 2086 2060 et
2132 1993 2225 2060 sic
2260 2017 2459 2061 caesas
2493 2019 2641 2062 ma-

557 2138 752 2205 teries
798 2138 867 2203 in
909 2135 1129 2203 forum
1163 2139 1559 2229 Augustum.
1616 2136 1756 2204 Nec
1796 2133 2073 2204 novellae
2113 2151 2335 2207 autem
2374 2139 2462 2207 ad
2493 2164 2641 2208 ma-

556 2281 822 2367 teriem,
866 2304 989 2347 nec
1044 2292 1294 2346 veteres
1343 2276 1730 2346 utilissimae.
1774 2279 2217 2349 Circumcisas
2248 2306 2518 2375 quoque
2552 2284 2641 2351 ad

561 2422 920 2493 medullam
950 2423 1155 2517 aliqui
1188 2448 1325 2490 non
1361 2420 1683 2490 inutiliter
1716 2421 2132 2517 relinquunt,
2160 2441 2234 2493 ut
2260 2428 2478 2495 omnis
2506 2429 2643 2497 hu-

560 2596 707 2639 mor
745 2569 1069 2638 stantibus
1099 2565 1364 2635 defluat.
1408 2567 1664 2635 Mirum
1700 2567 1879 2661 apud
1915 2570 2225 2661 antiquos
2261 2572 2479 2664 primo
2512 2576 2648 2644 Pu-

564 2715 713 2781 nico
758 2701 931 2779 bello
979 2708 1254 2777 classem
1295 2707 1533 2777 Duillii
1578 2710 1995 2805 imperatoris
2030 2713 2113 2780 ab
2150 2714 2386 2782 arbore
2423 2718 2647 2786 excisa

562 2861 647 2926 'Lx
670 2856 777 2923 die
812 2855 1172 2949 navigasse.
1213 2856 1468 2922 Contra
1500 2859 1661 2923 vero
1695 2856 2054 2930 Hieronem
2080 2882 2301 2952 regem
2325 2884 2495 2930 ccxx
2525 2888 2647 2932 na-

557 3027 671 3071 ves
708 2999 973 3069 effectas
1014 2997 1250 3067 diebus'
1279 3021 1411 3066 XLV
1446 2998 1650 3066 tradit
1682 3000 1759 3070 L.
1805 3000 1981 3069 Piso.
2022 3002 2327 3071 Secundo
2370 3031 2643 3101 quoque

561 3150 816 3219 Punico
850 3131 1025 3214 bello
1043 3196 1062 3232 ‚
1088 3141 1416 3238 Scipionis
1445 3143 1669 3215 classis
1699 3171 1786 3216 Χῖ,
1816 3147 1922 3215 die
1952 3127 2239 3217 asecuri
2275 3153 2637 3247 navigavit.

560 3297 849 3386 Tantum
881 3290 1364 3389 tempestivitas*
1392 3291 1596 3360 etiam
1628 3291 1699 3360 in
1733 3292 1964 3386 rapida
1999 3292 2336 3364 celeritate
2367 3296 2603 3390 pollet!
