<?xml version="1.0" encoding="UTF-8"?>
<!DOCTYPE html PUBLIC "-//W3C//DTD XHTML 1.0 Transitional//EN"
    "http://www.w3.org/TR/xhtml1/DTD/xhtml1-transitional.dtd">
<html xmlns="http://www.w3.org/1999/xhtml" xml:lang="en" lang="en">
 <head>
  <title>
</title>
<meta http-equiv="Content-Type" content="text/html;charset=utf-8" />
  <meta name='ocr-system' content='tesseract 3.04.00' />
  <meta name='ocr-capabilities' content='ocr_page ocr_carea ocr_par ocr_line ocrx_word'/>
</head>
<body>
  <div class='ocr_page' id='page_1' title='image "./histoirenaturel00grangoog_0394.png"; bbox 0 0 2941 4807; ppageno 0'>
   <div class='ocr_carea' id='block_1_1' title="bbox 537 379 2650 639">
    <p class='ocr_par' dir='ltr' id='par_1_1' title="bbox 537 379 2650 639">
     <span class='ocr_line' id='line_1_1' title="bbox 537 379 2192 484; baseline 0.001 -12"><span class='ocrx_word' id='word_1_1' title='bbox 537 413 652 484; x_wconf 65' lang='lat' dir='ltr'>aaa</span> <span class='ocrx_word' id='word_1_2' title='bbox 822 379 834 393; x_wconf 76' lang='grc'>’</span> <span class='ocrx_word' id='word_1_3' title='bbox 1008 417 1073 478; x_wconf 78' lang='lat' dir='ltr'>c,</span> <span class='ocrx_word' id='word_1_4' title='bbox 1113 416 1345 476; x_wconf 79' lang='lat' dir='ltr'>Pmm</span> <span class='ocrx_word' id='word_1_5' title='bbox 1383 418 1580 475; x_wconf 73' lang='lat' dir='ltr'>ms‘r.</span> <span class='ocrx_word' id='word_1_6' title='bbox 1624 418 1798 475; x_wconf 71' lang='lat' dir='ltr'>MT.</span> <span class='ocrx_word' id='word_1_7' title='bbox 1841 417 2192 482; x_wconf 76' lang='lat' dir='ltr'>mev&#39;ss.</span> 
     </span>
     <span class='ocr_line' id='line_1_2' title="bbox 540 541 2650 639; baseline 0 -28"><span class='ocrx_word' id='word_1_8' title='bbox 540 541 840 612; x_wconf 73' lang='lat' dir='ltr'>triduum</span> <span class='ocrx_word' id='word_1_9' title='bbox 868 594 888 632; x_wconf 90' lang='lat'>,</span> <span class='ocrx_word' id='word_1_10' title='bbox 925 558 1045 613; x_wconf 85' lang='lat' dir='ltr'>aut</span> <span class='ocrx_word' id='word_1_11' title='bbox 1079 543 1299 639; x_wconf 77' lang='lat' dir='ltr'>pridie</span> <span class='ocrx_word' id='word_1_12' title='bbox 1332 565 1536 638; x_wconf 90' lang='lat' dir='ltr'>quam</span> <span class='ocrx_word' id='word_1_13' title='bbox 1571 559 1879 620; x_wconf 86' lang='lat' dir='ltr'>serantur</span> <span class='ocrx_word' id='word_1_14' title='bbox 1905 595 1926 631; x_wconf 89' lang='lat'>‚</span> <span class='ocrx_word' id='word_1_15' title='bbox 1975 568 2153 639; x_wconf 82' lang='lat' dir='ltr'>aqua</span> <span class='ocrx_word' id='word_1_16' title='bbox 2188 541 2426 612; x_wconf 87' lang='lat' dir='ltr'>mulsa.</span> <span class='ocrx_word' id='word_1_17' title='bbox 2484 545 2650 611; x_wconf 91' lang='lat' dir='ltr'>Mu-</span> 
     </span>
    </p>
   </div>
   <div class='ocr_carea' id='block_1_2' title="bbox 541 669 2660 1812">
    <p class='ocr_par' dir='ltr' id='par_1_2' title="bbox 541 669 2660 1812">
     <span class='ocr_line' id='line_1_3' title="bbox 541 669 2653 783; baseline 0 -26"><span class='ocrx_word' id='word_1_18' title='bbox 541 711 747 757; x_wconf 89' lang='lat' dir='ltr'>crone</span> <span class='ocrx_word' id='word_1_19' title='bbox 779 669 981 782; x_wconf 77' lang='lat' dir='ltr'>defigi</span> <span class='ocrx_word' id='word_1_20' title='bbox 1011 739 1032 773; x_wconf 83' lang='lat'>‚</span> <span class='ocrx_word' id='word_1_21' title='bbox 1070 690 1282 758; x_wconf 83' lang='lat' dir='ltr'>aciem</span> <span class='ocrx_word' id='word_1_22' title='bbox 1320 686 1553 759; x_wconf 89' lang='lat' dir='ltr'>lateris</span> <span class='ocrx_word' id='word_1_23' title='bbox 1586 689 1660 758; x_wconf 85' lang='lat' dir='ltr'>in</span> <span class='ocrx_word' id='word_1_24' title='bbox 1696 677 2091 783; x_wconf 85' lang='lat' dir='ltr'>aquilonem</span> <span class='ocrx_word' id='word_1_25' title='bbox 2118 702 2419 783; x_wconf 86' lang='lat' dir='ltr'>spectare</span> <span class='ocrx_word' id='word_1_26' title='bbox 2439 714 2460 756; x_wconf 74' lang='grc' dir='ltr'><strong><em>ε</em></strong></span> <span class='ocrx_word' id='word_1_27' title='bbox 2508 702 2653 757; x_wconf 85' lang='lat' dir='ltr'>ter·</span> 
     </span>
     <span class='ocr_line' id='line_1_4' title="bbox 544 831 2656 930; baseline -0.001 -27"><span class='ocrx_word' id='word_1_28' title='bbox 544 858 664 903; x_wconf 89' lang='lat' dir='ltr'>nas</span> <span class='ocrx_word' id='word_1_29' title='bbox 722 832 921 904; x_wconf 90' lang='lat' dir='ltr'>simul</span> <span class='ocrx_word' id='word_1_30' title='bbox 977 831 1285 903; x_wconf 85' lang='lat' dir='ltr'>serendas</span> <span class='ocrx_word' id='word_1_31' title='bbox 1341 833 1679 930; x_wconf 86' lang='lat' dir='ltr'>triangula</span> <span class='ocrx_word' id='word_1_32' title='bbox 1741 834 2002 905; x_wconf 88' lang='lat' dir='ltr'>ratione</span> <span class='ocrx_word' id='word_1_33' title='bbox 2032 886 2052 924; x_wconf 89' lang='lat'>,</span> <span class='ocrx_word' id='word_1_34' title='bbox 2090 832 2315 929; x_wconf 90' lang='lat' dir='ltr'>palmo</span> <span class='ocrx_word' id='word_1_35' title='bbox 2363 832 2542 902; x_wconf 85' lang='lat' dir='ltr'>inter</span> <span class='ocrx_word' id='word_1_36' title='bbox 2582 857 2656 902; x_wconf 93' lang='lat' dir='ltr'>se</span> 
     </span>
     <span class='ocr_line' id='line_1_5' title="bbox 545 979 2640 1076; baseline -0.002 -25"><span class='ocrx_word' id='word_1_37' title='bbox 545 980 865 1052; x_wconf 84' lang='lat' dir='ltr'>distantes</span> <span class='ocrx_word' id='word_1_38' title='bbox 902 1006 919 1050; x_wconf 70' lang='grc' dir='ltr'><strong><em>ε</em></strong></span> <span class='ocrx_word' id='word_1_39' title='bbox 963 979 1152 1051; x_wconf 89' lang='lat' dir='ltr'>denis</span> <span class='ocrx_word' id='word_1_40' title='bbox 1204 979 1439 1051; x_wconf 89' lang='lat' dir='ltr'>diebus</span> <span class='ocrx_word' id='word_1_41' title='bbox 1493 980 1857 1075; x_wconf 85' lang='lat' dir='ltr'>adaquari,</span> <span class='ocrx_word' id='word_1_42' title='bbox 1898 979 2117 1050; x_wconf 88' lang='lat' dir='ltr'><strong>donee</strong></span> <span class='ocrx_word' id='word_1_43' title='bbox 2168 979 2640 1076; x_wconf 85' lang='lat' dir='ltr'>grandescant.</span> 
     </span>
     <span class='ocr_line' id='line_1_6' title="bbox 543 1125 2654 1224; baseline -0.003 -27"><span class='ocrx_word' id='word_1_44' title='bbox 543 1125 905 1223; x_wconf 84' lang='lat' dir='ltr'>Juglandes</span> <span class='ocrx_word' id='word_1_45' title='bbox 945 1149 1154 1210; x_wconf 76' lang='lat' dir='ltr'>nuces</span> <span class='ocrx_word' id='word_1_46' title='bbox 1191 1140 1517 1220; x_wconf 84' lang='lat' dir='ltr'>porrectae</span> <span class='ocrx_word' id='word_1_47' title='bbox 1556 1138 1874 1195; x_wconf 78' lang='lat' dir='ltr'>seruntur</span> <span class='ocrx_word' id='word_1_48' title='bbox 1931 1125 2386 1224; x_wconf 77' lang='lat' dir='ltr'>commissuris</span> <span class='ocrx_word' id='word_1_49' title='bbox 2422 1127 2654 1218; x_wconf 45' lang='lat' dir='ltr'>jacen?</span> 
     </span>
     <span class='ocr_line' id='line_1_7' title="bbox 545 1272 2646 1369; baseline -0.003 -21"><span class='ocrx_word' id='word_1_50' title='bbox 545 1278 751 1348; x_wconf 84' lang='lat' dir='ltr'>tibus.</span> <span class='ocrx_word' id='word_1_51' title='bbox 806 1276 1027 1346; x_wconf 81' lang='lat' dir='ltr'>Pineae</span> <span class='ocrx_word' id='word_1_52' title='bbox 1083 1273 1338 1345; x_wconf 84' lang='lat' dir='ltr'><strong>nucleis</strong></span> <span class='ocrx_word' id='word_1_53' title='bbox 1382 1275 1671 1369; x_wconf 86' lang='lat' dir='ltr'><strong>septenis</strong></span> <span class='ocrx_word' id='word_1_54' title='bbox 1726 1274 1864 1345; x_wconf 87' lang='lat' dir='ltr'>fere</span> <span class='ocrx_word' id='word_1_55' title='bbox 1930 1276 2001 1343; x_wconf 90' lang='lat' dir='ltr'>in</span> <span class='ocrx_word' id='word_1_56' title='bbox 2049 1272 2218 1343; x_wconf 89' lang='lat' dir='ltr'>ollas</span> <span class='ocrx_word' id='word_1_57' title='bbox 2266 1272 2646 1367; x_wconf 85' lang='lat' dir='ltr'>perforatas</span> 
     </span>
     <span class='ocr_line' id='line_1_8' title="bbox 552 1421 2654 1517; baseline -0.002 -21"><span class='ocrx_word' id='word_1_58' title='bbox 552 1425 841 1497; x_wconf 81' lang='lat' dir='ltr'>additis:</span> <span class='ocrx_word' id='word_1_59' title='bbox 888 1439 1005 1495; x_wconf 89' lang='lat' dir='ltr'>aut</span> <span class='ocrx_word' id='word_1_60' title='bbox 1035 1438 1114 1494; x_wconf 87' lang='lat' dir='ltr'>ut</span> <span class='ocrx_word' id='word_1_61' title='bbox 1144 1421 1409 1513; x_wconf 86' lang='lat' dir='ltr'>laurus,</span> <span class='ocrx_word' id='word_1_62' title='bbox 1445 1447 1599 1517; x_wconf 80' lang='lat' dir='ltr'>quae</span> <span class='ocrx_word' id='word_1_63' title='bbox 1629 1424 1849 1493; x_wconf 79' lang='lat' dir='ltr'><strong>baccis</strong></span> <span class='ocrx_word' id='word_1_64' title='bbox 1882 1423 2143 1493; x_wconf 88' lang='lat' dir='ltr'>seritur.</span> <span class='ocrx_word' id='word_1_65' title='bbox 2173 1423 2399 1493; x_wconf 87' lang='lat' dir='ltr'>Citrea</span> <span class='ocrx_word' id='word_1_66' title='bbox 2434 1447 2654 1517; x_wconf 86' lang='lat' dir='ltr'>grano</span> 
     </span>
     <span class='ocr_line' id='line_1_9' title="bbox 550 1569 2660 1678; baseline -0.004 -31"><span class='ocrx_word' id='word_1_67' title='bbox 550 1592 619 1646; x_wconf 86' lang='lat' dir='ltr'>et</span> <span class='ocrx_word' id='word_1_68' title='bbox 665 1574 1088 1672; x_wconf 84' lang='lat' dir='ltr'>propagine:</span> <span class='ocrx_word' id='word_1_69' title='bbox 1137 1573 1334 1642; x_wconf 88' lang='lat' dir='ltr'>sorba</span> <span class='ocrx_word' id='word_1_70' title='bbox 1388 1575 1641 1642; x_wconf 90' lang='lat' dir='ltr'>semine</span> <span class='ocrx_word' id='word_1_71' title='bbox 1663 1625 1682 1661; x_wconf 90' lang='lat'>,</span> <span class='ocrx_word' id='word_1_72' title='bbox 1737 1587 1806 1641; x_wconf 90' lang='lat' dir='ltr'>et</span> <span class='ocrx_word' id='word_1_73' title='bbox 1863 1597 1903 1642; x_wconf 89' lang='lat' dir='ltr'>a</span> <span class='ocrx_word' id='word_1_74' title='bbox 1958 1570 2183 1641; x_wconf 80' lang='lat' dir='ltr'><strong>radice</strong></span> <span class='ocrx_word' id='word_1_75' title='bbox 2235 1569 2470 1678; x_wconf 78' lang='lat' dir='ltr'>planta</span> <span class='ocrx_word' id='word_1_76' title='bbox 2494 1623 2517 1660; x_wconf 89' lang='lat'>,</span> <span class='ocrx_word' id='word_1_77' title='bbox 2588 1585 2660 1639; x_wconf 86' lang='lat' dir='ltr'>et</span> 
     </span>
     <span class='ocr_line' id='line_1_10' title="bbox 556 1679 2657 1812; baseline -0.002 -22"><span class='ocrx_word' id='word_1_78' title='bbox 556 1679 899 1790; x_wconf 73' lang='lat' dir='ltr'>avulsiene</span> <span class='ocrx_word' id='word_1_79' title='bbox 947 1718 1376 1812; x_wconf 84' lang='lat' dir='ltr'>proveniunt.</span> <span class='ocrx_word' id='word_1_80' title='bbox 1427 1716 1560 1785; x_wconf 90' lang='lat' dir='ltr'>Sed</span> <span class='ocrx_word' id='word_1_81' title='bbox 1607 1714 1722 1785; x_wconf 90' lang='lat' dir='ltr'>illa</span> <span class='ocrx_word' id='word_1_82' title='bbox 1774 1715 2181 1811; x_wconf 40' lang='lat' dir='ltr'>inaealidis:</span> <span class='ocrx_word' id='word_1_83' title='bbox 2227 1717 2425 1785; x_wconf 90' lang='lat' dir='ltr'>sorba</span> <span class='ocrx_word' id='word_1_84' title='bbox 2463 1731 2535 1785; x_wconf 90' lang='lat' dir='ltr'>et</span> <span class='ocrx_word' id='word_1_85' title='bbox 2569 1717 2657 1812; x_wconf 32' lang='lat' dir='ltr'>‘in</span> 
     </span>
    </p>
   </div>
   <div class='ocr_carea' id='block_1_3' title="bbox 547 1862 1272 1963">
    <p class='ocr_par' dir='ltr' id='par_1_3' title="bbox 547 1862 1272 1963">
     <span class='ocr_line' id='line_1_11' title="bbox 547 1862 1272 1963; baseline -0.006 -27"><span class='ocrx_word' id='word_1_86' title='bbox 547 1864 814 1963; x_wconf 84' lang='lat' dir='ltr'>frigidis</span> <span class='ocrx_word' id='word_1_87' title='bbox 854 1877 919 1932; x_wconf 83' lang='lat' dir='ltr'>e&#39;t</span> <span class='ocrx_word' id='word_1_88' title='bbox 959 1862 1272 1932; x_wconf 79' lang='lat' dir='ltr'>humidis·</span> 
     </span>
    </p>
   </div>
   <div class='ocr_carea' id='block_1_4' title="bbox 1330 2679 1880 2740">
    <p class='ocr_par' dir='ltr' id='par_1_4' title="bbox 1330 2679 1880 2740">
     <span class='ocr_line' id='line_1_12' title="bbox 1330 2679 1880 2740; baseline 0 -4"><span class='ocrx_word' id='word_1_89' title='bbox 1330 2679 1544 2738; x_wconf 84' lang='lat' dir='ltr'>Plantis</span> <span class='ocrx_word' id='word_1_90' title='bbox 1573 2680 1880 2740; x_wconf 81' lang='lat' dir='ltr'>nascentia.</span> 
     </span>
    </p>
   </div>
   <div class='ocr_carea' id='block_1_5' title="bbox 563 2903 2663 3726">
    <p class='ocr_par' dir='ltr' id='par_1_5' title="bbox 563 2903 2663 3726">
     <span class='ocr_line' id='line_1_13' title="bbox 662 2903 2662 3003; baseline -0.001 -25"><span class='ocrx_word' id='word_1_91' title='bbox 662 2909 817 2978; x_wconf 91' lang='lat' dir='ltr'><strong>XII.</strong></span> <span class='ocrx_word' id='word_1_92' title='bbox 868 2909 1131 2979; x_wconf 88' lang='lat' dir='ltr'>Natura</span> <span class='ocrx_word' id='word_1_93' title='bbox 1192 2921 1259 2976; x_wconf 90' lang='lat' dir='ltr'>et</span> <span class='ocrx_word' id='word_1_94' title='bbox 1306 2903 1639 3003; x_wconf 87' lang='lat' dir='ltr'>plantaria</span> <span class='ocrx_word' id='word_1_95' title='bbox 1690 2905 2217 2990; x_wconf 87' lang='lat' dir='ltr'>demonstravit,</span> <span class='ocrx_word' id='word_1_96' title='bbox 2284 2904 2662 2976; x_wconf 86' lang='lat' dir='ltr'>multarum</span> 
     </span>
     <span class='ocr_line' id='line_1_14' title="bbox 564 3050 2662 3148; baseline -0 -26"><span class='ocrx_word' id='word_1_97' title='bbox 564 3052 897 3122; x_wconf 86' lang='lat' dir='ltr'>radicibus</span> <span class='ocrx_word' id='word_1_98' title='bbox 935 3050 1308 3147; x_wconf 86' lang='lat' dir='ltr'>pullulante</span> <span class='ocrx_word' id='word_1_99' title='bbox 1356 3051 1586 3122; x_wconf 91' lang='lat' dir='ltr'>sobole</span> <span class='ocrx_word' id='word_1_100' title='bbox 1633 3050 1840 3122; x_wconf 87' lang='lat' dir='ltr'>densa</span> <span class='ocrx_word' id='word_1_101' title='bbox 1860 3104 1879 3140; x_wconf 91' lang='lat'>,</span> <span class='ocrx_word' id='word_1_102' title='bbox 1925 3066 1993 3121; x_wconf 88' lang='lat' dir='ltr'>et</span> <span class='ocrx_word' id='word_1_103' title='bbox 2040 3051 2344 3148; x_wconf 86' lang='lat' dir='ltr'>pariente</span> <span class='ocrx_word' id='word_1_104' title='bbox 2398 3067 2617 3122; x_wconf 87' lang='lat' dir='ltr'>matre</span> <span class='ocrx_word' id='word_1_105' title='bbox 2638 3105 2662 3139; x_wconf 87' lang='lat'>‚</span> 
     </span>
     <span class='ocr_line' id='line_1_15' title="bbox 563 3162 2663 3313; baseline 0.002 -48"><span class='ocrx_word' id='word_1_106' title='bbox 563 3223 727 3291; x_wconf 80' lang='lat' dir='ltr'>quas</span> <span class='ocrx_word' id='word_1_107' title='bbox 759 3212 1011 3267; x_wconf 85' lang='lat' dir='ltr'><strong>enecet.</strong></span> <span class='ocrx_word' id='word_1_108' title='bbox 1050 3198 1214 3291; x_wconf 88' lang='lat' dir='ltr'>Ejus</span> <span class='ocrx_word' id='word_1_109' title='bbox 1244 3162 1498 3292; x_wconf 75' lang='lat' dir='ltr'>quippe</span> <span class='ocrx_word' id='word_1_110' title='bbox 1536 3200 1776 3268; x_wconf 87' lang='lat' dir='ltr'>umbra</span> <span class='ocrx_word' id='word_1_111' title='bbox 1807 3199 2007 3269; x_wconf 88' lang='lat' dir='ltr'>turba</span> <span class='ocrx_word' id='word_1_112' title='bbox 2039 3199 2366 3296; x_wconf 70' lang='lat' dir='ltr'>indigesta</span> <span class='ocrx_word' id='word_1_113' title='bbox 2388 3201 2663 3313; x_wconf 58' lang='lat' dir='ltr'>xpremi-</span> 
     </span>
     <span class='ocr_line' id='line_1_16' title="bbox 568 3341 2656 3438; baseline 0 -27"><span class='ocrx_word' id='word_1_114' title='bbox 568 3358 680 3412; x_wconf 89' lang='lat' dir='ltr'>tur</span> <span class='ocrx_word' id='word_1_115' title='bbox 697 3369 723 3421; x_wconf 63' lang='grc' dir='ltr'>,τ</span> <span class='ocrx_word' id='word_1_116' title='bbox 767 3359 845 3412; x_wconf 90' lang='lat' dir='ltr'>ut</span> <span class='ocrx_word' id='word_1_117' title='bbox 894 3345 966 3411; x_wconf 90' lang='lat' dir='ltr'>in</span> <span class='ocrx_word' id='word_1_118' title='bbox 1016 3341 1223 3412; x_wconf 90' lang='lat' dir='ltr'>lauris</span> <span class='ocrx_word' id='word_1_119' title='bbox 1251 3395 1270 3431; x_wconf 91' lang='lat'>,</span> <span class='ocrx_word' id='word_1_120' title='bbox 1317 3343 1588 3413; x_wconf 90' lang='lat' dir='ltr'>Punicis</span> <span class='ocrx_word' id='word_1_121' title='bbox 1610 3397 1630 3429; x_wconf 87' lang='lat'>‚</span> <span class='ocrx_word' id='word_1_122' title='bbox 1676 3341 1971 3437; x_wconf 82' lang='lat' dir='ltr'>platanis</span> <span class='ocrx_word' id='word_1_123' title='bbox 1992 3397 2012 3430; x_wconf 91' lang='lat'>,</span> <span class='ocrx_word' id='word_1_124' title='bbox 2062 3344 2344 3432; x_wconf 84' lang='lat' dir='ltr'>cerasis,</span> <span class='ocrx_word' id='word_1_125' title='bbox 2391 3346 2656 3438; x_wconf 89' lang='lat' dir='ltr'>prunis.</span> 
     </span>
     <span class='ocr_line' id='line_1_17' title="bbox 565 3477 2663 3583; baseline 0.001 -27"><span class='ocrx_word' id='word_1_126' title='bbox 565 3490 942 3557; x_wconf 84' lang='lat' dir='ltr'>Paucorum</span> <span class='ocrx_word' id='word_1_127' title='bbox 972 3477 1043 3556; x_wconf 87' lang='lat' dir='ltr'>in</span> <span class='ocrx_word' id='word_1_128' title='bbox 1079 3488 1486 3583; x_wconf 85' lang='lat' dir='ltr'>hoc·genere</span> <span class='ocrx_word' id='word_1_129' title='bbox 1519 3487 1688 3556; x_wconf 88' lang='lat' dir='ltr'>rami</span> <span class='ocrx_word' id='word_1_130' title='bbox 1717 3502 2004 3581; x_wconf 81' lang='lat' dir='ltr'>parcunt</span> <span class='ocrx_word' id='word_1_131' title='bbox 2037 3487 2291 3579; x_wconf 89' lang='lat' dir='ltr'>soboli,</span> <span class='ocrx_word' id='word_1_132' title='bbox 2326 3504 2404 3558; x_wconf 91' lang='lat' dir='ltr'>ut</span> <span class='ocrx_word' id='word_1_133' title='bbox 2438 3487 2663 3559; x_wconf 86' lang='lat' dir='ltr'>ulmo-</span> 
     </span>
     <span class='ocr_line' id='line_1_18' title="bbox 570 3627 2662 3726; baseline -0 -24"><span class='ocrx_word' id='word_1_134' title='bbox 570 3657 755 3721; x_wconf 88' lang='lat' dir='ltr'>rum,</span> <span class='ocrx_word' id='word_1_135' title='bbox 785 3628 1313 3726; x_wconf 88' lang='lat' dir='ltr'>palmarumque.</span> <span class='ocrx_word' id='word_1_136' title='bbox 1332 3627 1555 3701; x_wconf 87' lang='lat' dir='ltr'>Nullis</span> <span class='ocrx_word' id='word_1_137' title='bbox 1574 3655 1731 3699; x_wconf 85' lang='lat' dir='ltr'>vero</span> <span class='ocrx_word' id='word_1_138' title='bbox 1756 3627 1921 3699; x_wconf 83' lang='lat' dir='ltr'>tales</span> <span class='ocrx_word' id='word_1_139' title='bbox 1951 3627 2192 3725; x_wconf 92' lang='lat' dir='ltr'>pulluli</span> <span class='ocrx_word' id='word_1_140' title='bbox 2225 3633 2662 3726; x_wconf 82' lang='lat' dir='ltr'>proveniunt,</span> 
     </span>
    </p>
   </div>
   <div class='ocr_carea' id='block_1_6' title="bbox 571 3770 2666 4014">
    <p class='ocr_par' dir='ltr' id='par_1_6' title="bbox 571 3770 2666 4014">
     <span class='ocr_line' id='line_1_19' title="bbox 571 3770 2666 3870; baseline 0 -26"><span class='ocrx_word' id='word_1_141' title='bbox 571 3776 700 3845; x_wconf 90' lang='lat' dir='ltr'>nisi</span> <span class='ocrx_word' id='word_1_142' title='bbox 728 3800 1012 3870; x_wconf 90' lang='lat' dir='ltr'>quarum</span> <span class='ocrx_word' id='word_1_143' title='bbox 1054 3772 1309 3842; x_wconf 89' lang='lat' dir='ltr'>radices</span> <span class='ocrx_word' id='word_1_144' title='bbox 1343 3796 1572 3841; x_wconf 90' lang='lat' dir='ltr'>amore</span> <span class='ocrx_word' id='word_1_145' title='bbox 1601 3770 1760 3842; x_wconf 91' lang='lat' dir='ltr'>solis</span> <span class='ocrx_word' id='word_1_146' title='bbox 1793 3787 1997 3867; x_wconf 89' lang='lat' dir='ltr'>atque</span> <span class='ocrx_word' id='word_1_147' title='bbox 2029 3773 2260 3843; x_wconf 88' lang='lat' dir='ltr'>imbris</span> <span class='ocrx_word' id='word_1_148' title='bbox 2291 3775 2361 3842; x_wconf 90' lang='lat' dir='ltr'>in</span> <span class='ocrx_word' id='word_1_149' title='bbox 2397 3799 2666 3844; x_wconf 89' lang='lat' dir='ltr'>summa</span> 
     </span>
     <span class='ocr_line' id='line_1_20' title="bbox 573 3919 2665 4014; baseline 0 -24"><span class='ocrx_word' id='word_1_150' title='bbox 573 3919 810 3991; x_wconf 87' lang='lat' dir='ltr'>tellure</span> <span class='ocrx_word' id='word_1_151' title='bbox 843 3920 1242 4014; x_wconf 86' lang='lat' dir='ltr'>spatiantur.</span> <span class='ocrx_word' id='word_1_152' title='bbox 1304 3919 1557 3989; x_wconf 88' lang='lat' dir='ltr'>Omnia</span> <span class='ocrx_word' id='word_1_153' title='bbox 1596 3943 1674 3987; x_wconf 88' lang='lat' dir='ltr'>ea</span> <span class='ocrx_word' id='word_1_154' title='bbox 1716 3943 1855 3988; x_wconf 89' lang='lat' dir='ltr'>non</span> <span class='ocrx_word' id='word_1_155' title='bbox 1913 3919 2138 3987; x_wconf 87' lang='lat' dir='ltr'>statim</span> <span class='ocrx_word' id='word_1_156' title='bbox 2178 3921 2385 3990; x_wconf 88' lang='lat' dir='ltr'>moris</span> <span class='ocrx_word' id='word_1_157' title='bbox 2434 3937 2536 3991; x_wconf 90' lang='lat' dir='ltr'>est</span> <span class='ocrx_word' id='word_1_158' title='bbox 2592 3923 2665 3990; x_wconf 89' lang='lat' dir='ltr'>in</span> 
     </span>
    </p>
   </div>
   <div class='ocr_carea' id='block_1_7' title="bbox 569 4064 2659 4160">
    <p class='ocr_par' dir='ltr' id='par_1_7' title="bbox 569 4064 2659 4160">
     <span class='ocr_line' id='line_1_21' title="bbox 569 4064 2659 4160; baseline 0.002 -26"><span class='ocrx_word' id='word_1_159' title='bbox 569 4091 686 4137; x_wconf 88' lang='lat' dir='ltr'>sua</span> <span class='ocrx_word' id='word_1_160' title='bbox 711 4065 976 4154; x_wconf 81' lang='lat' dir='ltr'>locari,</span> <span class='ocrx_word' id='word_1_161' title='bbox 1025 4066 1141 4136; x_wconf 89' lang='lat' dir='ltr'>sed</span> <span class='ocrx_word' id='word_1_162' title='bbox 1173 4065 1358 4160; x_wconf 86' lang='lat' dir='ltr'>prius</span> <span class='ocrx_word' id='word_1_163' title='bbox 1395 4065 1643 4135; x_wconf 87' lang='lat' dir='ltr'>nutrici</span> <span class='ocrx_word' id='word_1_164' title='bbox 1681 4064 1875 4154; x_wconf 88' lang='lat' dir='ltr'>dari,</span> <span class='ocrx_word' id='word_1_165' title='bbox 1927 4080 2128 4158; x_wconf 87' lang='lat' dir='ltr'>atque</span> <span class='ocrx_word' id='word_1_166' title='bbox 2163 4066 2233 4134; x_wconf 91' lang='lat' dir='ltr'>in</span> <span class='ocrx_word' id='word_1_167' title='bbox 2288 4068 2659 4138; x_wconf 87' lang='lat' dir='ltr'>seminariis</span> 
     </span>
    </p>
   </div>
  </div>
 </body>
</html>
