2941 4807
2698 0 2886 341 Ἦ

631 583 808 659 Illud
849 587 1155 680 proxime
1188 589 1432 656 mirum
1452 640 1472 677 ,
1505 589 1753 656 mutari
1789 603 2097 663 naturam
2130 590 2202 657 in
2230 589 2492 678 iisdem,
2531 605 2635 658 at·-

544 454 655 513 106
995 458 1056 513 C.
1103 452 1336 515 PLINII
1377 459 1570 516 HIST.
1619 460 1795 516 NAT.
1838 461 1978 516 ΠΒ.
2008 460 2164 516 xv1·.

536 753 668 822 que
699 754 825 828 pro
855 728 1141 798 indiviso
1167 722 1406 799 valere.
1444 732 1739 801 Codrum
1772 733 2068 805 aestuosis
2099 707 2401 826 partibus
2425 732 2639 803 dede-¹

533 887 681 943 rat:
721 889 786 947 et
822 836 892 945 iti
920 875 1141 970 Lyciis
1180 877 1622 976 Phrygiisque
1657 870 2003 955 montibus*
2026 880 2343 948 nascitur.
2388 876 2634 974 Frigus,

534 1018 883 1095 inimicum
920 1016 1113 1093 lauro
1156 1020 1448 1125 fecerat:
1492 1020 1705 1093 sedin
1747 1019 2038 1116 Olympo
2070 1023 2407 1116 copiosior
2436 1020 2625 1099 nulla

532 1175 654 1232 est.
698 1163 894 1235 Circa
942 1167 1318 1258 Bosporum
1360 1164 1802 1268 Cimmerium
1854 1166 1924 1234 in
1958 1165 2386 1261 Panticapaeo
2420 1165 2619 1245 urbe:

534 1308 718 1379 omni
751 1284 954 1379 modo
993 1307 1324 1379 laboravit
1355 1309 1782 1380 Mithridates
1821 1335 1938 1379 rex
1956 1362 1976 1397 ,
2023 1324 2091 1379 et
2121 1312 2318 1380 ceteri
2353 1308 2621 1396 incolae,

527 1466 894 1523 sacrorum‘
916 1469 1096 1525 certe
1124 1480 1358 1545 causa,
1392 1455 2117 1553 laurummyrtumque
2153 1456 2401 1526 habere
2424 1482 2447 1524 :-
2481 1481 2619 1525 non

528 1600 810 1693 contigit
833 1650 853 1689 ,
899 1624 1113 1693 quum
1147 1601 1394 1695 teporis
1447 1602 1716 1671 arbores
1756 1601 2100 1672 abundent
2138 1601 2266 1689 ibi,
2307 1602 2621 1690 Punicae,
2886 1570 2887 1575 ἵ

527 1746 771 1841 ficique
792 1799 813 1836 ‚
847 1747 988 1841 jam
1026 1747 1186 1823 mali
1222 1762 1288 1823 et
1336 1748 1465 1844 piri
1501 1746 1989 1823 laudatissimae.
2036 1746 2337 1843 Frigidas
2383 1745 2621 1819 eodem

527 1903 749 1964 tractu
775 1915 914 1960 non
948 1891 1182 1986 genuit
1213 1892 1518 1977 arbaim,
1556 1893 1790 1987 pinum
1815 1944 1834 1978 ‚
1868 1892 2151 1963 abietem
2169 1942 2190 1979 ,
2221 1891 2499 1986 piceam,
2530 1895 2617 1962 Et

528 2033 692 2128 quid
719 2036 957 2106 attinet
993 2036 1392 2142 iaPontum
1423 2034 1649 2104 abire?
1675 2036 1868 2129 juxta
1902 2038 2186 2114 Romam
2228 2036 2438 2128 ipsam
2469 2059 2615 2103 cas-

525 2194 735 2291 taueae
762 2150 1106 2274 cerasique
1135 2204 1308 2284 aegre
1334 2181 1778 2273 proveniunt:
1818 2179 2081 2250 Persica
2110 2172 2610 2267 inTusculano,

522 2349 644 2400 nec
674 2346 815 2408 non
848 2286 1050 2399 buces
1076 2327 1330 2395 Graecae
1368 2350 1519 2394 cum
1561 2321 1758 2428 taedio
1799 2294 2217 2412 inseruntur,
2245 2290 2609 2392 Tarracina

517 2471 698 2566 silvis
734 2457 1029 2548 scatente
1064 2497 1318 2564 earum.

1349 3405 1438 3461 De
1477 3406 1765 3481 cupressis,

557 3725 562 3730 ‚
615 3635 759 3703 Lx.
799 3631 911 3704 33.
946 3635 1319 3727 Cupressus
1353 3629 1643 3716 advena,
1677 3643 1744 3695 et
1774 3624 2157 3696 difficillime
2181 3623 2602 3693 nascentium

513 3780 672 3870 fuit,
713 3793 787 3847 ut
826 3777 909 3846 de
941 3801 1073 3871 qua
1113 3757 1453 3845 irerbosius
1492 3773 1861 3869 saepiusque
1885 3822 1904 3858 ,
1937 3795 2138 3864 quam
2167 3767 2251 3838 de
2290 3767 2602 3873 omnibus

506 3923 698 4014 aliis,
723 3920 1098 4016 ‚prodiderit
1125 3922 1316 3989 Cato.
1351 3919 1537 3988 Natu
1569 3939 1865 4002 morosa,
1900 3912 2123 3982 fructu
2157 3891 2600 4007 supervacua,

511 4068 732 4138 baccis
764 4083 956 4137 torva
973 4117 994 4156 ,
1035 4063 1200 4135 folio
1229 4081 1458 4134 amara
1475 4114 1494 4150 ,
1523 4061 1730 4131 odore
1760 4057 2052 4130 violenta
2071 4109 2090 4145 ‚
2129 4082 2206 4142 ac
2239 4083 2326 4126 ne
2358 4058 2603 4144 umbra
