2941 4807
554 414 624 469 30
1047 418 1108 473 C.
1149 421 1375 477 PLINII
1412 423 1605 481 HIST.
1646 427 1822 483 NAT.
1861 431 1998 489 LIB.
2031 433 2198 490 XVI.

1067 690 1326 760 Quarum
1355 692 1628 748 arborum
1651 696 1889 753 cortices
1916 698 1979 753 in
2011 718 2134 756 usu.

650 913 831 979 XIV.
888 934 955 1005 9.
1015 912 1264 980 Cortex
1321 926 1387 980 et
1432 912 1640 1007 fagi8‚
1698 913 1856 985 tiliae
1881 966 1902 1004 ‚
1963 919 2205 1006 abieti,
2259 922 2461 1016 piceae
2486 976 2505 1009 ‚
2569 926 2639 994 in

556 1081 800 1151 magno
834 1080 961 1124 usu
1002 1057 1381 1150 agrestium.
1432 1060 1609 1127 Vasa
1632 1111 1651 1147 ‚
1694 1062 2058 1156 corbesque
2084 1117 2102 1149 ‚
2143 1086 2222 1133 ac
2264 1072 2639 1159 patentiora

552 1199 854 1295 quaedam
907 1201 1233 1270 messibus
1283 1190 1733 1272 convehendis
1799 1206 2282 1303 vindemiisque
2338 1212 2589 1283 faciunt
2617 1270 2641 1301 ‚

555 1359 753 1438 atque
800 1360 1119 1439 praetexta
1156 1347 1602 1441 tuguriorum.
1639 1346 1886 1419 Scribit
1923 1350 1991 1419 in
2025 1356 2270 1424 recenti
2312 1356 2395 1424 ad
2435 1357 2638 1429 duces

551 1489 957 1586 explorator,
988 1493 1285 1562 incidens
1319 1491 1544 1562 literas
1581 1518 1619 1562 a
1653 1519 1872 1564 succo.
1897 1499 1961 1567 N
1965 1522 2039 1566 ec
2066 1524 2200 1568 non
2238 1501 2308 1569 in
2342 1502 2635 1595 quodam

551 1662 678 1707 usu
719 1662 1063 1707 sacrorum
1097 1637 1443 1732 religiosus
1484 1654 1583 1709 est
1624 1640 1759 1735 fagi
1798 1658 2044 1711 cortex.
2086 1644 2216 1715 Sed
2257 1670 2396 1715 non
2438 1645 2636 1717 durat

549 1782 752 1851 arbor
788 1784 949 1876 ipsa.

1379 2261 1467 2314 De
1497 2257 1796 2315 scandulis.

651 2490 802 2556 XV.
851 2509 955 2554 10.
997 2482 1346 2554 Scandulae
1380 2508 1417 2551 e
1451 2484 1693 2551 robore
1725 2482 2107 2577 aptissimae,
2158 2508 2313 2556 mox
2353 2510 2390 2554 e
2440 2482 2629 2579 glan-

547 2630 772 2699 diferis
812 2627 998 2716 aliis,
1041 2628 1369 2722 sagoquet
1428 2625 1760 2696 facillimae
1798 2652 1878 2695 ex
1923 2629 2236 2698 omnibus
2280 2654 2426 2723 quae
2466 2630 2630 2698 resi-

550 2799 706 2844 nam
749 2775 1020 2843 ferunt:
1067 2772 1182 2841 sed
1223 2772 1496 2842 minime
1545 2772 1827 2858 durant,
1880 2789 2317 2868 praeterquam
2355 2798 2391 2841 e
2437 2775 2619 2866 pin0.

550 2916 883 2988 Scandula
935 2881 1307 2987 contectam
1368 2917 1570 2988 fuisse
1619 2890 1945 3007 Romam,
1991 2919 2075 2988 ad
2125 2917 2363 3013 Pyrrhi
2412 2943 2626 3011 usque

543 3061 830 3150 bellum,
862 3064 1055 3131 annis
1086 3086 1414 3147 account,
1436 3061 1788 3133 Cornelius
1823 3067 2050 3157 Nepos
2083 3078 2316 3131 auctor
2347 3077 2465 3130 est.
2502 3059 2624 3128 Sil-

544 3232 781 3277 varum
840 3220 1018 3276 certe
1082 3205 1617 3302 distinguebatur
1669 3208 2059 3302 insignibus,
2115 3206 2416 3302 Fagutali
2471 3207 2622 3274 Jovi

544 3352 744 3421 etiam
767 3375 981 3436 nune,
1010 3351 1125 3419 ubi
1149 3351 1336 3419 lucus
1364 3350 1592 3446 fageus
1625 3351 1789 3420 fuit:
1823 3367 2017 3446 porta
2039 3351 2618 3446 Querquetulana:

543 3494 711 3566 colle
749 3498 819 3564 in
853 3521 1053 3589 quem
1093 3496 1346 3563 vimina
1393 3495 1822 3591 petebantur,
1852 3493 2083 3590 totque
2117 3493 2319 3585 lucis,
2352 3496 2623 3591 quibus-

540 3641 697 3710 dam
744 3654 811 3709 et
866 3640 1165 3733 geminis.
1216 3641 1302 3728 Q.
1350 3640 1745 3708 Hortensius
1796 3639 2112 3729 dictator,
2169 3665 2377 3734 quum
2433 3639 2619 3734 plebs

430 3785 433 3798 '
537 3784 906 3855 secessisset
953 3785 1024 3852 in
1081 3781 1460 3885 Janiculum
1493 3835 1513 3871 ,
1561 3780 1771 3877 legem
1828 3784 1897 3892 in
1939 3782 2252 3853 Esculeto
2291 3769 2485 3874 tulit,
2546 3800 2620 3852 ut

538 3961 572 3994 α
596 3930 779 4024 quod
815 3954 894 3999 ea
922 3929 1262 4023 jussisset,
1310 3954 1541 3998 omnes
1576 3929 1873 4017 Quirites
1904 3943 2177 3997 teneret.
2201 3960 2235 3993 2>
2268 3981 2276 3986 .
