2941 4807
630 433 745 513 396
1086 437 1149 495 C.
1192 437 1424 492 PLINII
1466 436 1660 494 HIST.
1706 439 1879 493 NAT.
1922 439 2062 493 LIB.
2094 438 2279 501 XVII.

556 571 562 575 ’
636 575 792 634 nata
829 561 1085 630 fossura
1112 587 1228 630 ore
1259 563 1741 655 compressiore
1779 564 1932 631 sint.
1960 562 2172 657 Nigra
2198 586 2360 631 vero
2393 577 2583 632 terra
2611 566 2737 634 duo

633 675 901 787 cubita,
940 719 1009 772 et
1046 703 1349 798 palmum
1371 756 1389 791 ,
1427 704 1768 798 quadratis
1806 704 2089 799 angulis.
2130 705 2384 778 Eadem
2417 733 2736 777 mensura

640 849 858 919 Graeci
905 863 1208 918 auctores
1258 850 1728 939 consentiunt,
1772 876 1910 919 non
1957 847 2221 920 altiores
2278 853 2495 945 quino
2539 856 2736 922 semi-

535 1079 542 1087 ,
632 996 804 1091 pede
840 1019 984 1064 esse
1013 994 1287 1084 debere,
1320 1019 1446 1063 nec
1470 993 1740 1064 latiores
1762 996 2025 1065 duobus
2049 996 2351 1091 pedibus.
2374 1000 2736 1093 Nusquam

634 1162 794 1207 vero
836 1136 1227 1233 sesquipede
1269 1139 1493 1210 minus
1533 1136 1705 1208 altos
1727 1192 1745 1228 ‚
1789 1139 2107 1242 quoniam
2142 1140 2213 1208 in
2261 1141 2555 1226 humido
2596 1142 2735 1213 solo

634 1269 717 1364 ad
762 1281 979 1363 vicina
1019 1305 1211 1375 aquoe
1243 1281 1616 1376 perveniat.

678 2013 683 2018 ³
725 2028 933 2134 Cato:
974 2056 1008 2090 «
1027 2028 1095 2096 Si
1130 2027 1314 2098 loeus
1348 2054 1640 2123 aquosus
1678 2030 1796 2115 sit,
1838 2029 2057 2122 inquit
2081 2082 2099 2112 ‚
2139 2026 2309 2097 latos
2347 2027 2565 2122 pedes
2601 2042 2725 2095 ter·

630 2192 752 2235 nos
795 2169 863 2279 in
902 2170 1200 2241 faucibus
1226 2225 1244 2260 ,
1284 2174 1585 2268 imosque
1622 2172 1921 2269 palmum
1959 2188 2025 2242 et
2062 2173 2327 2276 pedem,
2366 2172 2724 2241 altitudine

632 2328 920 2406 quatuor
949 2315 1199 2412 pedum
1227 2343 1253 2418 :⁴
1286 2342 1397 2385 eos
1430 2316 1654 2414 lapide
1688 2318 2071 2402 consterni,
2122 2332 2237 2385 aut
2258 2368 2276 2405 ‚
2321 2318 2377 2384 si
2416 2342 2562 2386 non
2597 2319 2719 2400 sit,

626 2459 898 2550 perticis
926 2459 1194 2555 salignis
1228 2463 1556 2531 viridibus
1589 2487 1606 2530 ε
1641 2462 1697 2530 si
1733 2485 1948 2554 neque
1985 2483 2081 2547 eae
2119 2462 2281 2546 sint,
2323 2463 2715 2530 sarmentis:

622 2603 719 2671 ita
754 2619 831 2671 ut
862 2606 932 2672 in
966 2603 1389 2674 altitudinem
1431 2606 1836 2700 semipedem
1878 2607 2253 2674 trahantur.
2275 2634 2309 2669 ›>
2346 2605 2570 2677 Nobis
2606 2605 2718 2674 ad·

622 2744 989 2837 jiciendum
1028 2745 1292 2815 videtur
1325 2772 1406 2816 ex
1449 2747 1767 2841 praedicta
1806 2745 2124 2815 arborum
2174 2761 2461 2833 natura,
2500 2762 2581 2824 ut
2625 2744 2717 2814 al-

628 2891 763 2958 tius
798 2866 1235 2958 demittantur
1278 2914 1353 2959 ea
1392 2873 1539 2985 'quae
1589 2914 1844 2960 summa
1890 2886 2127 2958 tellure
2167 2889 2499 2984 gaudent,
2546 2905 2714 2971 tam-

628 3059 828 3128 quam
871 3033 1170 3103 fraxinus
1196 3090 1216 3120 ‚
1267 3033 1430 3104 olea.
1494 3039 1653 3103 Haec
1693 3049 1763 3102 et
1812 3033 2056 3103 similia
2108 3048 2468 3128 quaternos
2517 3032 2715 3128 pedes

632 3193 898 3271 oportet
933 3177 1217 3248 demitti.
1251 3181 1513 3251 Ceteris
1544 3193 1646 3246 sat
1679 3192 1814 3262 est,
1850 3178 1906 3246 si
1946 3176 2316 3249 altitudinis
2347 3177 2554 3271 pedes
2589 3193 2714 3249 tev-

627 3348 749 3391 nos
791 3323 1150 3392 effecerint.
1189 3323 1480 3393 Excidet
1518 3323 1736 3416 inquit
1759 3375 1778 3411 ‚
1802 3322 2098 3393 radicem
2131 3323 2362 3407 istam,
2405 3323 2711 3416 Papirius

627 3468 880 3538 Cursor
924 3467 1303 3562 imperator.
1350 3466 1457 3539 Ad
1491 3481 1819 3536 terrorem
1864 3466 2427 3535 Praenestinorum
2468 3481 2710 3558 praeto-

623 3612 733 3698 ris,
767 3610 1091 3705 destringi
1116 3635 1375 3680 secures
1402 3611 1622 3706 jussit.
1655 3614 1773 3680 Est
1810 3611 2159 3685 innoxium
2199 3608 2431 3678 abradi
2460 3624 2705 3704 parteS,

619 3779 767 3848 quae
802 3779 870 3823 se
907 3754 1325 3858 nudayerint.
1366 3758 1632 3844 TestaS,
1675 3752 2172 3847 aliqui-lapides
2198 3754 2528 3825 rotundos
2568 3755 2708 3827 suh·

483 3920 487 3925 ’
607 3898 725 3992 lici
759 3896 1019 3967 malunt
1043 3949 1060 3979 ν
1103 3901 1219 3992 qui
1248 3885 1339 3968 'et
1372 3899 1764 3974 contineant
1809 3898 2206 3982 humorem,
2244 3912 2316 3965 et
2372 3902 2705 3969 transmit-

614 4057 762 4118 tant
793 4069 808 4111 t
846 4068 982 4111 non
1033 4045 1188 4113 item
1221 4041 1457 4139 planos
1498 4042 1748 4127 faeere,
1787 4055 1853 4109 et
1887 4065 1925 4108 a
1955 4057 2224 4113 terreno
2260 4066 2488 4110 arcere
2535 4041 2699 4111 radi·
