2941 4807
475 378 590 436 362
919 379 982 437 C.
1021 379 1255 437 PLINII
1293 380 1486 438 HIST.
1528 380 1700 438 NAT.
1743 381 1882 437 LIB.
1914 381 2100 437 xv11.

482 521 594 575 tur
633 506 773 585 haec
810 505 1060 599 optima
1099 518 1166 574 et
1210 506 1397 600 operi
1426 556 1447 591 ,
1486 501 1554 574 et
1598 505 1779 574 satis.
1818 503 2200 600 Intelligere
2248 504 2452 573 modo
2497 503 2583 572 li-

477 651 632 719 beat
690 648 933 718 dietam
984 650 1154 717 mira
1196 648 1677 743 significatione
1728 665 2027 719 teneram
2062 675 2077 716 :
2129 664 2194 718 et
2240 648 2585 743 quidquid

479 794 698 889 optari
721 773 957 896 debet,
991 793 1062 860 in
1095 817 1175 861 eo
1209 790 1544 862 vocabulo
1587 794 1986 863 invenietur.
2006 792 2151 863 ‘Illa
2190 796 2582 889 temperatae

482 937 838 1026 ubertatiS,
866 934 981 1005 illa
1008 934 1230 1005 mollis
1257 935 1607 1031 facilisque
1631 936 1930 1026 culturae,
1959 963 2082 1008 nec
2120 938 2419 1026 madida,
2454 965 2581 1010 nec

482 1082 731 1152 sitiens.
772 1079 894 1151 Illa
930 1097 1082 1177 post
1119 1107 1461 1151 vomerem
1501 1083 1871 1153 nitescens:
1913 1083 2179 1178 qualem
2206 1082 2356 1154 fons
2383 1085 2581 1180 inge-

482 1212 753 1295 niorum
786 1229 1119 1294 Homerus
1151 1226 1221 1294 in
1262 1228 1464 1296 armis
1501 1251 1540 1295 a
1567 1187 1696 1296 deo
1731 1219 2030 1297 caelatam
2063 1226 2262 1315 dixit,
2285 1226 2583 1298 addidit-

483 1340 1035 1468 que-miraculum
1069 1371 1881 1465 nigrescentis‚'quamvis
1906 1372 2098 1441 fieret
2134 1373 2205 1440 in
2230 1396 2415 1441 auro.
2448 1372 2582 1443 Illa

478 1475 685 1609 ,qnam
718 1527 1049 1582 recentem
1085 1513 1448 1606 exquirunt
1486 1513 1806 1607 improbae
1832 1513 2022 1584 alites
2044 1567 2063 1603 ‚
2098 1509 2439 1585 vomerem
2468 1542 2585 1585 co-

490 1657 839 1745 mitantes,
880 1656 1200 1749 corvique
1234 1656 1517 1725 aratoris
1553 1657 1830 1752 vestigia
1870 1658 2014 1751 ipsa
2044 1656 2375 1727 rodentes.

584 2233 933 2305 Reddatur
972 2224 1102 2312 hoc
1158 2239 1228 2306 in
1279 2235 1450 2344 loco⁸
1473 2238 1752 2307 luxuriae
1800 2264 2069 2333 quoque
2121 2238 2452 2307 sententia
2511 2250 2581 2303 et

488 2382 708 2479 aliqua
743 2385 811 2453 in
836 2387 1276 2481 propositum.
1301 2388 1502 2457 Certe
1523 2388 1761 2456 Cicero
1787 2439 1805 2475 ‚
1842 2385 1958 2456 lux
1984 2385 2444 2456 doctrinarum
2481 2382 2581 2453 al-

490 2549 670 2603 tera:
715 2534 1098 2622 «Meliora,
1138 2535 1358 2630 inquit
1382 2587 1401 2623 ,
1444 2548 1789 2631 unguenta
1830 2550 2028 2624 sunt,
2080 2560 2226 2629 quae
2281 2549 2535 2603 terram
2561 2587 2579 2613 ‚

492 2707 694 2775 quam
729 2707 877 2775 quae
917 2707 1187 2751 crocum
1220 2684 1510 2777 sapiunt.
1536 2713 1570 2749 >2
1611 2688 1757 2753 Hoc
1799 2684 1977 2752 enim
2016 2681 2254 2752 maluit
2274 2664 2537 2750 'dixisse
2560 2732 2579 2766 ‚

492 2854 690 2923 quam
738 2827 1061 2898 redolent.
1102 2832 1205 2899 Ita
1238 2845 1337 2899 est
1369 2824 1715 2924 profecto:
1761 2829 1876 2899 illa
1918 2832 2046 2899 erit
2079 2813 2376 2925 optima,
2430 2854 2582 2923 quae

489 2990 832 3072 unguenta
866 2962 1098 3070 sapiat.
1144 2975 1350 3064 Quod
1391 2976 1445 3045 si
1489 2975 1888 3046 admonendi
1922 3001 2150 3045 sumus
2178 3027 2196 3060 ‚
2238 2974 2456 3069 qualis
2499 2977 2586 3043 sit

490 3141 681 3195 terrae
709 3124 876 3194 odor
899 3123 1011 3194 ille
1045 3126 1161 3218 qui
1194 3087 1539 3218 quaeritur,
1576 3091 1908 3219 contingit
1939 3104 2109 3219 saepe
2135 3125 2334 3193 etiam
2366 3124 2584 3218 quies-

494 3290 688 3344 cente
726 3301 805 3345 ea
845 3276 968 3344 sub
1005 3301 1314 3345 occasum
1349 3273 1544 3364 solis,
1583 3276 1654 3344 in
1701 3301 1836 3369 quo
1871 3274 2018 3344 loco
2056 3299 2251 3343 arcus
2298 3272 2581 3342 caelestis

493 3421 804 3514 dejecerit
844 3425 1060 3517 capita
1097 3448 1252 3492 sua:
1299 3437 1366 3491 et
1405 3436 1616 3516 quum
1663 3448 1700 3491 a
1744 3423 2038 3492 siccitate
2079 3425 2403 3491 continua
2453 3422 2582 3490 im·

497 3572 752 3642 maduit
785 3573 999 3640 imbre
1035 3598 1049 3638 :
1107 3585 1267 3640 tunc
1303 3571 1550 3640 emittit
1588 3569 1777 3639 illum
1818 3596 2017 3639 suum
2067 3564 2351 3639 halitum
2401 3569 2578 3638 divi-

499 3748 660 3790 num
697 3746 775 3790 ex
825 3720 960 3790 sole
1004 3682 1442 3815 conceptum,
1487 3721 1596 3789 cui
1639 3721 2014 3816 comparari
2057 3722 2347 3790 suavitas
2394 3719 2583 3790 nulla

493 3872 723 3966 possit.
775 3873 841 3940 Is
876 3894 1016 3939 esse
1068 3868 1235 3939 odor
1277 3870 1345 3938 in
1388 3840 1732 3961 commota
1773 3869 2039 3939 debebit
2065 3922 2084 3956 ‚
2141 3886 2583 3965 repertusque

497 4021 827 4089 neminem
859 4017 1079 4087 fallet:
1117 4043 1195 4088 ac
1234 4017 1317 4087 de
1347 4034 1522 4088 terra
1555 4018 1724 4087 odor
1757 4018 2010 4112 optime
2031 3998 2380 4112 judicabit.
2400 4019 2595 4089 Talis
