2941 4807
449 436 524 496 44
909 433 972 488 c,
1015 433 1253 488 PL1N11
1294 433 1488 490 HlsT.
1530 402 1702 490 rm.
1745 435 1887 490 Lm.
1915 435 2079 492 XV1.

454 556 787 650 sartagine
820 556 1179 627 referventi
1206 611 1225 647 ,
1273 560 1451 628 hanc
1485 560 1722 630 ceteris
1761 559 2204 657 praeferentes.
2243 563 2556 632 Proxima

451 724 535 767 ex=
574 699 872 770 lentisco.

1131 1551 1361 1622 Quibus
1379 1545 1584 1609 ‘resina
1621 1554 1857 1628 zopissa.

544 1780 799 1848 XXIII.
840 1803 945 1848 12.
991 1780 1148 1850 Non
1190 1780 1668 1870 omittendum,
1703 1779 1886 1876 apud
1918 1781 2186 1850 eosdem
2215 1782 2544 1876 zopissam

441 1924 668 1991 vocari
697 1923 996 1993 derasam
1027 1927 1308 1995 navibus
1337 1927 1692 1996 maritimis
1732 1927 1950 2022 picem
1976 1952 2131 1996 cum
2160 1951 2336 2012 cera,
2372 1923 2542 1994 nihil

447 2091 585 2136 non
617 2071 999 2164 experiente
1034 2071 1204 2161 vita,
1242 2069 1458 2141 multo
1495 2072 1939 2141 efficaciorem
1973 2072 2059 2142 ad
2091 2072 2355 2160 omnia,
2393 2071 2543 2165 qui-

443 2215 570 2283 bus
626 2218 805 2311 pices
871 2219 1237 2313 resinaeque
1298 2234 1584 2314 prosunt
1612 2273 1631 2304 ‚
1695 2216 2003 2288 videlicet
2057 2218 2317 2314 adjecto
2388 2217 2541 2288 salis

337 2411 344 2418 -
439 2358 632 2432 callo.

538 2512 863 2606 Aperitur
887 2513 1074 2607 picea
1099 2537 1135 2581 e
1166 2527 1356 2607 parte
1387 2510 1630 2601 solari,
1667 2538 1805 2581 non
1833 2510 2072 2607 plaga,
2107 2510 2222 2581 sed
2256 2510 2539 2580 vulnere

441 2654 646 2761 ablati
683 2658 993 2744 corticis,
1035 2683 1247 2752 quum
1300 2656 1668 2752 plurimum
1723 2654 2017 2752 bipedali
2071 2653 2260 2725 hiatu
2289 2708 2308 2744 ,
2373 2670 2448 2724 ut
2499 2681 2539 2723 a

438 2816 616 2870 terra
658 2803 886 2872 cubito
939 2828 1147 2897 quum
1204 2804 1562 2872 minimum
1619 2803 1815 2872 absit.
1881 2805 2028 2874 Nec
2081 2801 2348 2897 corpori
2409 2801 2538 2896 ipsi

442 2948 779 3041 parcitur,
820 2964 897 3017 ut
940 2950 1010 3016 in
1065 2951 1335 3038 ceteriS,
1380 2949 1702 3043 quoniam
1747 2945 1965 3017 assula
2014 2949 2085 3016 in
2135 2947 2360 3016 fructu
2413 2949 2531 3015 est.

437 3096 693 3164 Verum
731 3094 874 3164 haec
914 3108 1107 3164 terrae
1142 3095 1453 3189 proxima
1493 3092 1808 3163 laudatur
1840 3119 1856 3162 :
1905 3092 2105 3162 altior
2134 3090 2533 3163 amaritudi-

432 3263 587 3307 nem
623 3238 855 3309 adfert.
900 3242 1137 3308 Postea
1195 3240 1442 3308 humor
1483 3238 1703 3306 omnis
1746 3262 1783 3306 e
1819 3252 1960 3306 tota
2001 3236 2284 3306 confluit
2322 3237 2393 3303 in
2426 3234 2532 3304 ul-

433 3407 589 3451 cus:
622 3383 782 3451 item
809 3384 880 3451 in
916 3381 1086 3453 teda.
1125 3385 1358 3473 Quum
1400 3380 1469 3450 id
1496 3407 1770 3451 manare
1802 3380 2037 3467 desiit,
2079 3377 2278 3449 simili
2324 3380 2526 3448 modo

433 3546 512 3589 ex
543 3519 672 3590 alia
714 3537 903 3616 parte
938 3522 1256 3616 aperitur,
1296 3546 1372 3590 ac
1408 3518 1648 3589 deiude
1680 3518 1829 3589 alia.
1869 3523 2105 3589 Postea
2143 3533 2286 3587 tota
2327 3517 2528 3586 arbor

434 3658 830 3748 succiditur,
868 3675 937 3728 et
967 3657 1256 3728 medulla
1287 3659 1429 3753 ejus
1474 3658 1714 3727 uritur.
1763 3660 1872 3727 Sic
1910 3672 1977 3726 et
2015 3659 2084 3726 in
2122 3659 2309 3752 Syria
2352 3672 2524 3726 tere-

431 3796 669 3866 bintho
710 3796 1072 3865 detrahunt
1105 3799 1385 3898 cortices
1414 3849 1434 3881 ‚
1487 3796 1579 3864 ibi
1632 3795 1903 3891 quidem
1943 3811 2011 3865 et
2047 3821 2084 3864 e
2137 3797 2342 3864 ramis
2372 3848 2391 3883 ,
2450 3820 2529 3864 ac

429 3935 828 4028 radicibuS,
854 3961 1064 4030 quum
1115 3936 1331 4005 resina
1384 3934 1741 4006 damnetur
1787 3959 1867 4003 ex
1919 3933 2026 4003 his
2075 3934 2399 4028 partibus.
2442 3935 2524 4001 In

427 4074 824 4144 Macedonia
896 4074 1166 4145 laricem
1226 4073 1590 4143 masculam
1649 4086 1896 4162 urunt,
1947 4072 2210 4143 feminae
2268 4071 2528 4142 radices
