2941 4807
540 409 648 478 164
689 452 694 457 -
1005 414 1066 469 C.
1111 412 1349 469 PLINII
1389 414 1581 470 HIST.
1626 413 1793 469 NAT.
1839 413 1977 469 LIB.
2009 414 2170 468 XVI.

535 537 783 609 similes
821 591 839 627 ,
897 540 1172 633 thripaS.
1231 540 1574 629 Quartum
1615 554 1716 610 est
1757 556 1826 610 et
1863 564 1899 608 e
1941 535 2463 609 vermiculorum
2517 560 2633 629 gc-

536 707 736 752 nere:
771 697 838 752 et
872 706 1106 752 eorum
1139 684 1250 753 alii
1291 699 1722 779 putrescente
1756 708 1957 754 succo
1990 684 2131 777 ipsa
2166 680 2482 749 materie:
2517 678 2632 747 alii

534 831 925 925 pariuntur,
980 830 1150 898 sicut
1188 830 1255 897 in
1297 828 1686 919 arboribus,
1724 854 1806 897 ex
1842 853 1922 897 eo
1954 830 2071 924 qui
2107 841 2393 896 cerastes
2429 850 2633 894 voca-

537 989 668 1043 tur.
708 974 939 1062 Quum
972 987 1236 1042 tantum
1267 973 1545 1042 eroserit
1563 1024 1582 1059 ,
1626 988 1705 1041 ut
1749 973 2158 1067 circumagat
2197 996 2266 1040 se
2286 1023 2304 1057 ,
2356 985 2633 1065 generat

535 1117 760 1193 alium.
804 1122 964 1187 Haec
998 1120 1180 1187 nasci
1229 1119 1543 1213 prohibet
1584 1119 1652 1186 in
1696 1115 1839 1186 aliis
1904 1116 2280 1187 amaritudo
2307 1168 2326 1203 ,
2377 1130 2456 1186 ut
2507 1139 2629 1184 cu-

535 1286 801 1356 presso:
825 1263 896 1330 in
914 1260 1061 1331 aliis
1086 1260 1362 1349 duritia,
1392 1276 1470 1331 ut
1495 1262 1697 1333 buxu.
1717 1261 2023 1331 Tradunt
2043 1275 2111 1331 et
2127 1262 2413 1331 abietem
2446 1262 2632 1330 circa

536 1407 1049 1502 germinationes
1091 1406 1566 1477 decorticatam
1596 1461 1616 1496 ,
1671 1432 1800 1501 qua
1848 1406 2135 1477 diximus
2186 1406 2348 1475 luna
2372 1459 2391 1496 ,
2435 1408 2633 1500 aquis

535 1575 672 1618 non
707 1551 1072 1643 corrumpi.
1129 1550 1493 1621 Alexandri
1532 1549 1774 1646 Magni
1819 1549 2090 1619 comites
2142 1548 2626 1643 prodiderunt,

535 1696 605 1763 in
631 1693 800 1790 Tylo
829 1694 1043 1764 Rubri
1069 1694 1270 1763 maris
1292 1693 1511 1765 insula
1534 1694 1805 1764 arbores
1836 1719 2009 1778 esse,
2034 1720 2116 1763 ex
2146 1695 2391 1787 quibus
2422 1719 2626 1763 naves

532 1835 767 1905 fierent
799 1861 814 1903 t
859 1860 1026 1928 quas
1061 1861 1142 1907 cc
1183 1837 1377 1905 annis
1412 1835 1729 1906 durantes
1765 1838 2110 1906 inventas:
2154 1851 2222 1904 et
2264 1838 2318 1905 si
2360 1862 2624 1933 merge-

532 1995 802 2067 rentur,
825 1980 1268 2073 incorruptaS.
1293 1982 1376 2048 In
1412 1978 1645 2077 eadem
1678 2004 1818 2048 esse
1849 1979 2157 2049 fruticem
2182 1979 2437 2050 baculis
2472 1996 2624 2050 tan-

535 2137 684 2190 tum
717 2120 970 2191 idoneae
1000 2120 1458 2190 crassitudinis
1476 2173 1495 2208 ,
1532 2122 1792 2191 varium
1814 2122 2093 2217 tigrium
2126 2122 2425 2213 maculis,
2452 2149 2624 2218 pon·

537 2265 884 2334 deresum:
926 2281 995 2334 et
1027 2291 1236 2358 quum
1271 2267 1338 2333 in
1370 2265 1681 2358 spissiora
1714 2265 1979 2335 decidat
1999 2320 2018 2352 ,
2058 2268 2214 2338 vitri
2248 2266 2450 2339 modo
2485 2268 2620 2338 fra-

537 2406 755 2504 gilem.

1153 3271 1240 3326 De
1272 3271 1521 3327 materiis
1560 3272 2006 3334 architectonica.

631 3464 943 3533 LXXXI.
997 3472 1111 3554 [4²-
1182 3468 1382 3563 Apud
1449 3496 1570 3540 nos
1636 3475 1927 3542 materiae
1975 3475 2328 3548 finduntur
2377 3478 2619 3574 aliquae

536 3573 818 3694 sponte}
861 3603 951 3670 ob
988 3602 1058 3670 id
1094 3604 1439 3678 architecti
1476 3633 1585 3677 eas
1625 3607 1783 3679 fimo
1817 3609 2019 3680 illitas
2062 3614 2295 3683 siccari
2331 3615 2617 3709 jubent,

536 3751 614 3804 ut
640 3736 925 3808 adflatus
953 3763 1093 3807 non
1120 3756 1423 3811 noceant.
1453 3742 1727 3814 Pondus
1753 3749 2077 3818 sustinere
2101 3749 2333 3820 validae
2350 3804 2371 3839 ,
2400 3754 2616 3843 abies,

533 3870 732 3962 larix,
765 3874 964 3944 etiam
990 3874 1060 3943 in
1089 3890 1541 3948 transversum
1559 3880 1811 3973 positae.
1845 3883 2082 3954 Robur
2110 3898 2175 3954 et
2201 3884 2347 3956 olea
2384 3889 2616 3961 incur-

531 4024 798 4101 vantur,
833 4010 1218 4108 ceduntque
1252 4015 1554 4110 ponderi.
1591 4015 1731 4088 lllae
1764 4022 2164 4114 renituntur,
2202 4049 2325 4095 nec
2362 4040 2614 4099 temere
