2941 4807
525 390 641 460 346
965 396 1028 453 c.
1069 399 1308 454 ruml
1348 382 1543 456 ms‘r.
1587 402 1757 458 NAT.
1803 402 1944 458 Lm.
1971 402 2158 458 xvn.

524 534 764 615 troque
790 538 998 616 agunt
1019 523 1087 591 in
1115 525 1286 593 vires
1309 523 1582 621 frugum
1612 541 1812 621 atque
1838 527 2138 597 radices:
2168 551 2400 596 verum
2435 527 2628 620 quod

524 679 591 733 et
630 663 957 760 liquorem
996 671 1240 740 sensim
1285 673 1639 766 praebent,
1693 699 1941 770 purum
1996 688 2313 770 praeterea
2365 671 2629 742 levissi-

524 835 840 905 mumque
868 866 888 900 ‚
928 814 1200 908 quando
1251 816 1368 886 nix
1424 842 1752 910 aquarum
1802 816 2160 901 caelcstium
2185 842 2439 922 'spuma
2495 820 2622 885 est.

521 961 703 1052 Ergo
743 960 990 1030 humor
1019 986 1101 1029 ex
1135 962 1241 1030 his
1279 988 1417 1031 non
1450 963 2269 1058 universus‘ingurgitans
2318 961 2624 1030 diluens·

521 1126 656 1197 que
686 1155 706 1190 ,
746 1104 859 1174 sed
893 1105 1235 1198 quomodo
1264 1107 1489 1177 sititur
1522 1105 1854 1176 distillans
1875 1158 1895 1194 ,
1928 1106 2111 1176 velut
2141 1130 2224 1176 ex
2257 1106 2468 1176 ubere
2499 1105 2627 1175 alit

518 1249 745 1317 omnia
781 1274 932 1342 quae
971 1275 1110 1320 non
1141 1249 1447 1320 inundat.
1484 1249 1712 1321 Tellus
1753 1275 2024 1346 quoque
2062 1249 2180 1320 illo
2229 1251 2433 1319 modo
2478 1251 2622 1319 fer-

517 1395 865 1463 mentescit
897 1447 915 1479 ‚
961 1409 1026 1471 et
1080 1396 1260 1465 succi
1293 1393 1491 1490 plena
1518 1448 1539 1486 ,
1579 1421 1657 1465 ac
1715 1395 2222 1466 lactescentibus
2265 1394 2425 1464 satis
2476 1421 2622 1475 non

519 1538 758 1628 effeta,
804 1565 1015 1633 quum
1055 1556 1324 1636 tempus
1363 1541 1616 1636 aperit,
1664 1540 1912 1636 tepidis
1964 1540 2213 1610 arridet
2260 1540 2471 1610 horis.
2511 1545 2621 1611 Ita

516 1685 804 1754 maxime
841 1685 1177 1754 frumenta
1211 1687 1689 1781 pinguescunt,
1727 1700 2174 1781 praeterquam
2202 1685 2318 1753 ubi
2355 1683 2623 1755 calidus

514 1855 779 1925 semper
808 1857 924 1901 aer
956 1846 1086 1920 est,
1125 1847 1202 1901 ut
1235 1832 1305 1900 in
1333 1834 1644 1927 AEgypto.
1679 1832 2116 1904 continuatio
2153 1831 2333 1900 enim
2368 1845 2438 1899 et
2469 1832 2619 1923 ipsa

512 1976 955 2065 consuetudo,
988 1975 1164 2044 idem
1193 1975 1374 2069 quod
1409 1975 1651 2046 modus
1683 1973 1892 2045 aliubi
1929 1974 2179 2044 efficit:
2212 1972 2617 2069 plurimum·

513 2141 644 2210 que
678 2117 954 2210 prodest
975 2169 996 2206 ,
1030 2117 1436 2211 ubicumque
1469 2142 1608 2188 non
1647 2141 1787 2186 esse
1818 2116 2002 2210 quod
2043 2130 2301 2186 noceat.
2349 2117 2430 2184 In
2467 2141 2617 2184 ma-

505 2269 655 2362 jore
686 2286 880 2366 parte
917 2271 1136 2356 orbis,
1168 2297 1379 2366 quum
1420 2295 1749 2367 praecoces
1782 2268 2139 2339 excurrere
2174 2268 2612 2365 germinatio·

510 2438 659 2496 nes,
683 2431 972 2492 evocatae
1009 2415 1427 2511 indulgentia
1453 2416 1628 2504 caeli,
1655 2416 1896 2488 secutis
1929 2415 2289 2510 frigoribus
2314 2438 2615 2483 exurun-

510 2566 642 2628 tur.
683 2555 839 2642 Qua
874 2553 958 2622 de
997 2578 1195 2623 causa
1237 2554 1545 2624 serotinae
1587 2554 1843 2624 hiemes
1877 2554 2137 2639 noxiae,
2189 2551 2612 2621 silvestribus

508 2724 818 2793 quoque:
860 2725 1013 2793 quae
1053 2700 1263 2793 magis
1317 2700 1520 2768 etiam
1562 2698 1794 2769 dolent
1826 2712 2115 2793 urgente
2157 2697 2397 2768 umbra
2436 2722 2557 2766 sua
2586 2750 2610 2780 ,

506 2868 630 2922 nec
657 2843 1023 2938 adjuvante
1055 2842 1425 2914 medicina:
1460 2841 1735 2936 quando
1762 2844 2004 2912 vestire
2036 2857 2300 2911 teneras
2340 2842 2601 2912 intorto

508 3004 877 3062 stramento
905 2990 974 3058 in
1008 2989 1419 3059 silvestribus
1448 3013 1586 3057 non
1618 3003 1739 3057 est.
1762 2991 1942 3083 Ergo
1970 2985 2382 3083 tempestivae
2418 3012 2609 3080 aquae

512 3135 810 3204 hibernis
849 3136 1139 3228 primum
1183 3133 1510 3202 imbribus
1535 3184 1553 3216 ‚
1595 3129 1836 3199 deinde
1876 3132 2437 3226 germinationem
2482 3156 2608 3200 an·

427 3335 440 3339 -
507 3278 983 3348 teccdeutibus.
1006 3278 1310 3349 Tertium
1345 3291 1610 3370 tempus
1639 3290 1767 3362 est,
1797 3300 2009 3369 quum
2042 3275 2339 3344 educant
2368 3301 2603 3369 poma:

507 3446 630 3492 nec
654 3423 963 3515 protinus
982 3473 1002 3509 ‚
1028 3420 1160 3490 sed'
1173 3423 1312 3514 jam
1335 3418 1562 3489 valido
1586 3419 1748 3489 fetu.
1772 3420 1943 3508 Quae
1973 3418 2231 3488 fructus
2260 3443 2417 3488 suos
2453 3418 2605 3490 diu·

508 3572 642 3641 tius
669 3571 1050 3659 continent,
1082 3569 1558 3665 longioresque
1591 3567 1971 3639 desiderant
2001 3569 2186 3638 cibos
2209 3620 2227 3655 ‚
2258 3568 2365 3636 his
2398 3584 2466 3637 et
2501 3594 2605 3637 se—

500 3723 737 3792 rotinae
787 3747 976 3815 aquae
1029 3718 1227 3789 utiles
1255 3748 1269 3788 :
1330 3734 1403 3787 ut
1454 3719 1621 3808 viti,
1688 3716 1847 3788 oleae
1878 3770 1896 3806 ‚
1952 3719 2240 3787 Punicis.
2290 3721 2413 3786 Hae
2460 3718 2603 3810 jam

505 3871 748 3967 pluviae
784 3873 1045 3967 generis
1084 3873 1411 3967 cujusque
1452 3869 1805 3939 arboribus
1863 3867 2127 3937 diverso
2170 3867 2374 3937 modo
2427 3866 2598 3936 desi·

504 4024 824 4098 derantur
847 4078 868 4113 ,
904 4023 1049 4094 aliis
1099 4023 1232 4092 alio
1275 4039 1576 4119 tempore
1621 4021 2135 4090 maturantibus.
2166 4023 2603 4113 Quapropter
