2941 4807
572 380 683 449 351.
999 385 1073 439 (Ζ.
1114 383 1345 451 PLINII
1385 383 1580 439 HIST.
1623 381 1796 438 NAT.
1839 385 1978 439 LIB.
2007 386 2197 447 XVII.

565 508 863 578 faciliore
897 523 1186 579 tractatu
1223 534 1238 578 t
1279 510 1539 604 quippe
1574 534 1711 578 non
1748 509 1981 578 eadem
2028 513 2382 583 arboribus
2420 537 2663 582 conve-

569 652 673 720 nit
720 665 786 720 et
837 651 1140 747 frugibus
1177 652 1621 746 plerumque:
1670 676 1794 722 nec
1846 652 2031 749 pulla
2059 709 2082 740 ,
2145 654 2415 749 qualem
2467 656 2668 725 habet

569 797 936 891 Campania
959 848 979 884 ,
1024 796 1273 889 ubique
1310 795 1567 890 optima
1606 797 1853 866 vitibus
1882 825 1906 878 ἱτ
1953 814 2070 869 aut
2101 825 2250 894 quae
2285 817 2521 870 tenues
2554 826 2670 870 ex-

565 938 750 1009 halat
798 938 1123 1009 nebulas:
1181 964 1305 1009 nec
1356 938 1627 1009 rubrica
1667 939 1896 1011 multis
1939 940 2231 1013 laudata.
2276 947 2551 1014 Cretam
2597 945 2667 1013 in

565 1083 958 1155 Albensium
1006 1085 1577 1179 Pompeianorum
1629 1109 1792 1180 agro
1813 1138 1833 1174 ,
1878 1101 1963 1179 eti
1995 1086 2299 1183 argillam
2323 1139 2343 1175 ,
2401 1090 2668 1158 curretis

564 1226 649 1298 ad
671 1220 901 1299 vineas
928 1229 1279 1323 generibus
1304 1243 1746 1323 anteponunt,
1778 1255 2188 1325 quamquam
2209 1232 2668 1329 praepingues,

566 1372 748 1468 quod
782 1374 1107 1469 excipitur
1135 1373 1205 1441 in
1235 1398 1315 1443 eo
1350 1398 1619 1467 genere.
1657 1375 1959 1444 Invicem
1988 1375 2298 1446 sabulum
2331 1375 2560 1447 album
2594 1380 2666 1448 in

563 1519 897 1587 Ticinensi
921 1571 940 1607 ‚
970 1517 1331 1611 multisque
1365 1520 1436 1586 in
1467 1516 1634 1588 locis
1675 1520 1942 1614 nigrum
1965 1572 1982 1607 ,
2015 1520 2308 1615 itemque
2339 1524 2667 1612 rubrum,

565 1661 765 1730 etiam
801 1662 1036 1756 pingui
1076 1676 1271 1731 terrae
1303 1661 1716 1756 permixtum
1738 1686 1761 1750 ·‚
1806 1661 2239 1731 infecundum
2281 1679 2400 1733 est.

659 1981 1079 2074 Argumenta
1105 1978 1839 2073 quoquejudicantium
1857 2002 2030 2073 saepe
2053 1976 2316 2049 fallunt.
2338 1983 2498 2052 'Non
2524 1984 2663 2051 uti-

562 2148 695 2217 que
727 2122 953 2192 laetum
989 2122 1206 2193 solum
1242 2139 1340 2193 est
1370 2176 1389 2210 ‚
1443 2125 1514 2193 in
1562 2149 1698 2218 quo
1735 2149 2030 2219 procerae
2073 2124 2346 2194 arbores
2387 2128 2615 2196 nitent
2637 2180 2658 2208 ,

558 2283 1006 2362 praeterquam
1035 2266 1163 2338 illis
1195 2268 1565 2337 arboribus
1593 2267 1782 2359 Quid
1818 2269 2000 2338 enim
2024 2269 2242 2339 abiete
2267 2271 2661 2365 procerius?

559 2429 679 2481 aut
714 2437 862 2507 quae
897 2414 1136 2482 vixisse
1192 2413 1400 2507 possit
1440 2411 1572 2480 alia
1613 2413 1682 2480 in
1734 2411 1882 2481 loco
1940 2412 2230 2483 eodem?
2266 2416 2422 2495 Nec,
2461 2416 2658 2486 luxu-

558 2558 736 2628 riosa
763 2554 1008 2653 pabula
1045 2557 1314 2652 pinguis
1352 2554 1478 2626 soli
1507 2581 1768 2650 semper
1802 2556 2125 2628 indicium
2156 2559 2406 2628 habent
2437 2584 2456 2627 t
2495 2586 2656 2630 nam

558 2698 723 2793 quid
755 2698 1091 2768 laudatius
1122 2700 1506 2768 Germaniae
1537 2698 1842 2794 pabulis?
1872 2714 1937 2768 et
1971 2715 2192 2770 tamen
2233 2704 2459 2772 statim
2498 2706 2657 2775 sub-

557 2857 655 2911 est
679 2867 882 2912 arena
920 2843 1307 2911 tenuissimo
1331 2845 1657 2937 cespitum
1685 2844 1891 2913 eoric.
1931 2845 2076 2914 Nec
2104 2869 2365 2941 semper
2398 2872 2657 2942 aquosa

555 3001 657 3056 est
692 2949 870 3057 terra
890 3039 909 3075 ,
937 2987 1048 3056 cui
1076 2989 1442 3082 proceritas
1468 2988 1875 3057 herbarum:
1900 3014 2037 3058 non
2070 2990 2372 3061 hercules
2407 2997 2652 3090 magis,

554 3157 759 3226 quam
788 3132 1056 3226 pinguis
1079 3182 1097 3216 ,
1131 3130 1475 3201 adhaerens
1509 3132 1769 3227 digitis,
1804 3133 1986 3227 quod
2019 3135 2090 3203 in
2129 3135 2384 3231 argillis
2423 3142 2655 3235 argui-

554 3289 685 3345 tur.
725 3273 1008 3344 Scrobes
1048 3273 1321 3368 quidem
1358 3290 1621 3370 regesta
1662 3259 1733 3344 in
1795 3301 1907 3345 eos
1960 3276 2147 3347 nulla
2185 3281 2478 3376 complet
2503 3335 2524 3371 ,
2570 3301 2654 3353 ut

553 3415 760 3488 densa
809 3433 1011 3512 atque
1065 3442 1218 3486 rara
1256 3417 1341 3488 ad
1377 3419 1563 3489 hunc
1612 3417 1888 3488 modum
1940 3419 2348 3516 deprehendi
2390 3428 2649 3520 possit:

554 3563 871 3657 ferroque
912 3563 1132 3631 omnis
1167 3564 1550 3658 rubiginem
1600 3562 1898 3633 obducit.
1940 3566 2085 3636 Nec
2123 3570 2346 3663 gravis
2388 3586 2509 3640 aut
2548 3572 2651 3642 le-

549 3711 698 3779 vior
741 3708 923 3801 justo
958 3705 1484 3802 deprehenditur
1522 3708 1823 3803 pondere
1855 3735 1871 3778 ε
1920 3710 2102 3804 quod
2148 3716 2328 3783 enim
2379 3717 2651 3811 pondus

551 3869 744 3923 terrae
789 3852 1049 3944 justum
1091 3849 1377 3947 intelligi
1415 3851 1684 3947 potest?
1733 3855 1880 3952 Nec
1929 3853 2319 3927 fluminibus
2369 3860 2647 3955 adgesta

550 4021 812 4093 semper
837 3994 1186 4068 laudabilis
1205 4049 1225 4087 ,
1254 3995 1527 4090 quando
1558 4013 1909 4068 senescant
1941 4014 2082 4070 sata
2113 4002 2417 4095 quaedam
2444 4030 2641 4102 aqua.
