2941 4807
506 405 584 461 80
988 410 1051 464 C.
1093 408 1326 466 PLINII
1363 409 1558 467 HIST.
1603 412 1773 468 NAT.
1814 413 1955 469 LIB.
1981 412 2135 470 XVI.

508 531 796 602 solstitio
832 534 986 603 vitis
1008 585 1029 620 ‚
1069 550 1138 604 et
1177 560 1342 629 quae⁴
1358 535 1562 630 paulo
1599 538 1809 607 serius
1856 539 2093 634 incipit
2112 589 2134 629 ,
2176 538 2340 609 olea.
2376 538 2608 608 Desso-

510 692 785 747 rescunt
820 680 1048 747 omnia
1092 681 1383 777 septenis
1422 680 1657 751 diebus
1679 735 1699 772 ‚
1736 707 1874 753 non
1912 681 2190 754 celerius
2225 704 2242 752 ε
2297 682 2606 777 quoedam

509 822 812 912 tardius,
847 823 965 895 sed
1000 821 1186 894 nulla
1223 823 1533 920 pluribus
1569 827 1672 895 bis
1705 828 2018 922 septenis.
2053 828 2305 896 Omnia
2332 843 2401 897 et
2427 829 2605 897 intra

504 990 639 1036 vul
678 966 826 1036 idus
854 966 1006 1062 julii
1040 969 1394 1038 etesiarum
1438 995 1803 1063 praecursu.

908 1930 1038 2000 Quo
1073 1942 1307 2006 quaeque
1338 1933 1596 2008 tempore
1632 1923 1834 1990 ferant.
1871 1934 1960 1989 De
1991 1950 2191 1990 cornu«

600 2158 848 2233 XLIII.
897 2160 1041 2228 Nec
1075 2158 1301 2227 statim
1345 2158 1607 2227 fructus
1645 2159 1948 2252 sequitur
1988 2158 2057 2226 in
2090 2148 2443 2251 aliquibus.

534 2441 545 2450 ·*
600 2406 717 2479 26.
763 2409 1029 2478 Cornus
1078 2407 1258 2473 enim
1299 2406 1477 2473 circa
1509 2400 1791 2472 solstitia
1829 2401 2050 2473 reddit
2098 2402 2319 2497 primo
2360 2400 2596 2471 candi-

504 2557 701 2646 dum,
735 2571 970 2651 postea
997 2554 1461 2646 sanguineum.
1495 2557 1597 2623 Ex
1633 2578 1712 2622 eo
1742 2578 1989 2649 genere
2017 2553 2264 2622 femina
2293 2568 2443 2647 post
2480 2577 2601 2622 au*

499 2723 815 2776 tumnum
838 2704 971 2774 fert
995 2705 1233 2773 baccas
1256 2703 1528 2772 acerbas
1552 2754 1573 2791 ‚
1604 2718 1672 2772 et
1705 2701 2139 2797 ingustabiles
2164 2704 2426 2774 cunctis
2451 2703 2596 2770 ani-

500 2854 840 2925 mantibus
872 2881 889 2922 ε
928 2851 1114 2949 ligno
1160 2870 1426 2947 quoque
1460 2852 1743 2945 fungosa
1782 2866 1852 2920 et
1879 2848 2170 2939 inutilis,
2201 2875 2412 2945 quum
2447 2875 2592 2920 mas

508 3028 544 3072 e
575 3002 950 3074 fortissimis
985 3023 1253 3096 quoque
1291 3000 1416 3095 sit:
1451 3015 1642 3069 tanta
1678 2999 2056 3069 differentia
2084 2999 2168 3068 ab
2202 2989 2438 3069 eodem
2475 3019 2591 3095 gc-

497 3174 655 3219 nere
694 3145 791 3219 fit.
839 3151 967 3219 Sed
1010 3165 1076 3218 et
1112 3144 1534 3219 terebinthus
1582 3150 1908 3218 messibus
1945 3141 2162 3218 reddit
2200 3173 2425 3218 semen
2447 3200 2466 3238 ,
2522 3163 2589 3217 et

494 3324 673 3388 acer,
707 3316 777 3369 et
811 3298 1109 3368 fraxinus
1138 3325 1155 3367 z
1195 3323 1398 3367 nuces
1421 3353 1440 3387 ‚
1491 3313 1557 3386 et
1590 3296 1770 3368 mala
1792 3350 1811 3388 ,
1848 3312 1915 3367 et
1955 3299 2102 3393 pira
2142 3312 2586 3393 praeterquam

493 3448 776 3518 hiberna
809 3499 828 3535 ‚
888 3464 1005 3517 aut
1068 3448 1388 3544 praecocia
1424 3498 1445 3535 ‚
1501 3461 1846 3517 autumno.
1909 3445 2316 3517 Glandiferae
2371 3448 2586 3518 serius

493 3597 882 3684 etiamnum,
897 3595 1360 3693 Vergiliarum·
1372 3617 1645 3665 occasu:
1667 3594 1927 3666 esculus
1946 3610 2208 3664 tantum
2230 3609 2579 3664 autumno,

487 3745 864 3841 Incipiente
895 3759 1121 3814 autem
1152 3744 1375 3813 hieme
1409 3734 1715 3838 quaedam
1753 3769 1994 3840 genera
2028 3743 2226 3834 mali,
2274 3745 2539 3842 pirique
2559 3791 2583 3832 ,

488 3907 553 3961 et
580 3894 795 3963 suber.
824 3893 1021 3964 Abies
1046 3892 1242 3963 flores
1276 3896 1458 3964 croci
1490 3892 1713 3964 colore
1735 3895 1915 3964 circa
1941 3892 2326 3982 solstitium,
2353 3920 2581 3965 semen

482 4042 705 4111 reddit
737 4060 889 4139 post
912 4046 1362 4140 Vergiliarum
1399 4044 1982 4158 occasum.=Pinus
2017 4060 2244 4115 autem
2281 4060 2350 4113 et
2386 4045 2580 4140 picea
