2941 4807
541 446 618 505 68
1040 451 1105 508 C.
1145 454 1376 515 PLINII
1416 455 1613 511 HIST.
1656 457 1824 513 NAT.
1868 457 2009 512 LIB.
2039 449 2199 513 XVI.
2283 492 2290 501 ι

548 600 700 669 pars
735 578 1036 647 omnium
1075 577 1465 674 lanuginem
1501 581 2186 677 quantulamcumque
2216 581 2446 682 habet,
2488 595 2639 671 quae

544 719 614 790 in
662 718 808 790 aliis
853 723 1154 817 gentium
1187 720 1341 792 lana
1388 739 1509 793 est.

1058 1102 1356 1161 Foliorum
1392 1122 1424 1159 e
1453 1103 1659 1178 palmis
1692 1117 1859 1175 cura,
1891 1111 1947 1160 et
1972 1114 2121 1160 usus.

632 1326 985 1395 XXXVII.
1042 1328 1122 1393 In
1178 1326 1459 1393 Oriente
1508 1324 1697 1394 funes
1763 1324 2014 1394 validos
2075 1351 2111 1393 e
2163 1319 2398 1419 palmae
2458 1323 2638 1394 foliis

537 1466 681 1536 fieri
702 1467 955 1537 dictum
981 1485 1083 1538 est
1102 1522 1120 1557 ,
1152 1494 1396 1564 eosque
1420 1470 1492 1537 in
1512 1471 1795 1540 humore
1822 1468 2123 1539 utiliores
2151 1496 2311 1540 esse.
2346 1474 2433 1540 Et
2453 1464 2638 1564 apud

540 1639 663 1683 nos
705 1611 845 1683 fere
885 1612 1126 1708 palmis
1163 1639 1204 1682 a
1242 1639 1449 1682 messe
1492 1614 1957 1709 decerpuntur.
2016 1618 2120 1684 Ex
2164 1614 2269 1683 his
2315 1612 2640 1709 meliora,

539 1782 686 1851 quae
722 1781 859 1827 sese
901 1784 1038 1827 non
1094 1752 1462 1829 diviserint.
1501 1759 1851 1829 Siccantur
1897 1761 2024 1829 sub
2071 1773 2246 1829 tecto
2286 1758 2641 1854 quaternis

540 1899 776 1971 diebus
808 1928 825 1970 ε
879 1929 1034 1972 mox
1070 1905 1140 1971 in
1175 1900 1312 1973 sole
1359 1903 1866 1998 expanduntur,
1912 1918 1979 1972 et
2011 1903 2320 1972 noctibus
2356 1902 2589 1973 relicta
2609 1954 2636 1992 r

541 2044 755 2116 donec
794 2046 1086 2116 candore
1126 2048 1538 2137 inarescant,
1580 2061 1809 2143 postea
1845 2047 1916 2116 in
1954 2071 2158 2143 opera
2193 2045 2563 2116 finduntur.

1269 2403 1564 2462 Foliorum
1594 2400 1895 2460 mirabilia.

633 2629 1032 2697 XXXVIII.
1087 2628 1445 2696 Latissima
1495 2626 1621 2696 fico
1650 2678 1671 2716 ,
1728 2628 1895 2715 viti,
1959 2625 2228 2720 platano
2268 2647 2286 2693 t
2348 2640 2636 2720 angusta

535 2787 759 2868 myrto
781 2824 802 2859 ‚
841 2774 1106 2843 Punicae
1130 2824 1149 2861 ,
1187 2770 1389 2841 oleae:
1427 2771 1741 2868 capillata
1784 2774 1949 2868 pino
1971 2824 1990 2861 ,
2033 2772 2235 2841 cedro
2269 2797 2286 2839 ε
2329 2770 2634 2841 aculeata

536 2917 897 3015 aquifolio,
949 2932 1018 2987 et
1062 2917 1290 2987 ilicum
1344 2917 1619 3014 generi:
1682 2942 1838 2988 nam
1883 2914 2200 3013 junipero
2253 2918 2446 3012 spina
2503 2944 2634 3013 pro

536 3064 698 3137 folio
731 3079 830 3133 est
861 3090 878 3132 ε
920 3088 1198 3133 carnosa
1239 3085 1587 3157 cupreSSO,
1624 3064 1962 3133 tamarici:
1999 3063 2406 3133 crassissima
2432 3059 2632 3131 alno:

535 3209 740 3305 longa
771 3206 1117 3297 arundini,
1156 3205 1341 3275 salici
1368 3231 1383 3274 ε
1426 3205 1664 3300 palmae
1691 3208 1892 3275 etiam
1933 3206 2231 3302 duplicia
2258 3232 2274 3275 τ
2309 3207 2633 3278 circinata

535 3356 685 3450 piro
707 3405 726 3438 ‚
762 3365 1155 3423 mucronata
1188 3347 1365 3419 malo
1390 3403 1410 3437 ,
1447 3349 1771 3444 angulosa
1803 3351 2049 3439 ederae,
2081 3350 2292 3419 divisa
2318 3347 2629 3445 platano:

539 3500 795 3568 insecta
832 3497 1179 3590 pectinum
1217 3492 1418 3563 modo
1448 3494 1657 3589 piceae
1678 3546 1697 3583 ,
1728 3487 1967 3562 abieti:
2006 3494 2273 3563 sinuosa
2314 3508 2456 3562 toto
2488 3493 2633 3562 am-

536 3605 695 3715 bitu!
727 3643 955 3714 robori
989 3668 1006 3711 t
1050 3641 1320 3737 spinosa
1358 3654 1515 3710 cute
1552 3622 1745 3710 rubc.
1782 3639 2131 3710 Mordacia
2169 3653 2328 3710 sunt
2359 3641 2633 3736 quibus·

540 3794 692 3862 dam
716 3843 735 3880 ‚
783 3804 861 3858 ut
890 3788 1146 3857 urticis.
1176 3785 1553 3880 Pungentia
1589 3785 1794 3880 pino,
1836 3786 2078 3879 piceae,
2124 3786 2366 3875 abieti,
2402 3784 2631 3876 larici,

541 3928 774 4015 cedre,
807 3921 1163 4020 aquifoliiS.
1199 3918 1519 3991 Pediculo
1556 3920 1744 3989 brevi
1776 3918 1967 4009 oleae,
1999 3936 2065 3990 et
2092 3919 2266 3990 ilici:
2304 3919 2508 4018 longo
2538 3924 2636 3991 vi-

537 4067 719 4135 tibus
755 4090 770 4133 :
828 4059 1114 4133 tremulo
1153 4056 1417 4155 populis
1440 4111 1462 4149 ,
1500 4075 1569 4128 et
1616 4058 1854 4132 iisdem
1895 4060 2051 4130 solis
2097 4061 2270 4130 inter
2308 4086 2378 4131 se
2416 4062 2638 4158 crepi-
