2941 4807
582 428 693 487 350
1016 436 1079 492 C.
1119 434 1357 493 PLINH
1404 436 1592 493 HIST.
1637 438 1805 493 NAT.
1850 440 1994 496 LIB.
2027 436 2215 496 XVII.

578 574 771 629 tuum
810 561 1180 656 quidquam
1212 565 1281 632 in
1321 564 1452 634 hoc
1481 566 1753 660 praecipi
1781 590 1992 660 posse.
2031 567 2135 636 Ad
2170 566 2298 636 soli
2333 584 2681 661 naturam,

570 705 657 775 ad
693 704 822 776 loci
858 707 1239 803 ingenium,
1269 707 1354 777 ad
1382 707 1526 777 caeli
1567 709 1894 804 cujusque
1931 736 2149 781 mores
2185 712 2541 809 dirigenda
2577 741 2682 784 so-

572 848 764 920 lertia
797 867 916 921 est.
951 854 1031 920 ln
1068 851 1293 923 Africa
1325 851 1679 922 meridiem
1724 855 1950 923 vineas
1981 869 2322 949 spectare,
2361 858 2483 926 viti
2525 860 2680 928 inu·

572 994 717 1082 tile,
749 995 993 1066 colono
1029 994 1374 1066 insalubre
1400 1013 1501 1066 est
1522 1048 1541 1086 ,
1570 999 1892 1092 quoniam
1922 999 2066 1092 ipsa
2105 999 2494 1070 meridianae
2517 1003 2675 1071 sub-

560 1143 739 1235 jacet
776 1140 1035 1236 plagae:
1078 1157 1497 1237 quapropter
1522 1143 1642 1236 qui
1682 1143 1778 1210 ibi
1811 1143 1883 1211 in
1920 1167 2230 1214 occasum
2254 1160 2374 1213 aut
2400 1162 2673 1240 septen-

564 1289 828 1357 triones·
852 1304 1161 1358 conseret
1182 1340 1203 1377 ‚
1260 1291 1517 1385 optime
1580 1290 1887 1359 miscebit
1936 1289 2152 1360 solum
2202 1272 2382 1360 caelo.
2428 1293 2670 1381 Quum

561 1433 887 1529 Virgilius
916 1445 1190 1507 occa‘sus
1220 1437 1593 1532 improbet,
1624 1460 1744 1505 nec
1772 1437 1854 1505 de
1883 1438 2336 1533 septentrione
2367 1436 2670 1532 relinqui

568 1579 898 1648 dubitatio
936 1579 1216 1650 videtur.
1259 1582 1465 1674 Atqui
1504 1582 1597 1677 ‘in
1658 1579 2000 1675 Cisalpina
2045 1578 2241 1651 ltalia
2284 1605 2537 1675 magna
2586 1607 2669 1663 ex

562 1738 753 1818 parte
789 1725 1001 1794 vineis
1037 1726 1131 1794 ita
1159 1726 1434 1821 posim,
1467 1740 1890 1821 compertum
1917 1740 2018 1794 est
2053 1750 2194 1794 esse
2233 1723 2614 1794 fertiliores,

547 2388 555 2396 ’
651 2382 949 2454 Multum
1006 2383 1285 2454 rationis
1339 2383 1646 2454 obtinent
1683 2398 1771 2455 et
1823 2384 2028 2453 venti.
2082 2386 2162 2453 In
2221 2383 2651 2455 Narbonensi

554 2531 902 2625 provincia
945 2545 1146 2624 atque
1179 2530 1456 2625 Liguria
1483 2584 1503 2616 ‚
1549 2545 1615 2598 et
1644 2543 1835 2625 parte
1864 2529 2181 2614 Etruriae,
2221 2541 2458 2597 contra
2497 2529 2650 2596 Cir-

550 2676 733 2745 cium
754 2700 970 2745 serere
995 2674 1330 2769 imperitia
1360 2675 1814 2742 existimatur:
1834 2672 2276 2766 eumdemque
2293 2669 2649 2766 obliquum

550 2821 851 2916 accipere
873 2872 894 2909 ,
933 2819 1380 2915 providentia.
1416 2823 1486 2887 Is
1523 2843 1815 2911 namque
1848 2832 2107 2887 aestates
2140 2817 2234 2886 ibi
2272 2831 2644 2911 temperat:

548 2967 667 3038 sed
705 2981 894 3037 tanta
933 2959 1331 3062 plerumque
1374 2962 1692 3034 violentia
1716 3014 1735 3048 ‚
1773 2978 1851 3033 ut
1883 2962 2138 3032 auferat
2172 2977 2363 3031 tecta·

644 3360 709 3431 3.
744 3358 1041 3449 Quidam
1070 3353 1307 3426 caelum
1342 3370 1537 3425 terrae
1562 3377 1797 3448 parere
1822 3369 2110 3449 cogunt:
2140 3368 2218 3423 ut
2244 3377 2392 3449 quae
2413 3354 2485 3421 in
2516 3354 2642 3423 sic-

539 3509 641 3577 cis
678 3519 1021 3588 serantur,
1076 3499 1403 3571 orientem
1455 3523 1532 3568 ac
1569 3499 2055 3593 septentriones
2096 3512 2394 3593 spectent
2430 3524 2447 3565 ε
2487 3522 2637 3592 quae

538 3655 613 3722 in
663 3648 958 3722 humidis
982 3700 1002 3732 ‚
1048 3645 1417 3716 meridiem.
1460 3645 1746 3736 Necnon
1785 3669 1864 3713 ex
1907 3644 2069 3740 ipsis
2109 3644 2356 3712 vitibus
2398 3667 2635 3714 causas

537 3808 937 3866 mutuantur
959 3844 978 3882 ,
1010 3792 1078 3860 in
1125 3788 1381 3886 frigidis
1413 3812 1741 3884 praecoces
1795 3788 2113 3874 serendo,
2148 3803 2225 3856 ut
2275 3789 2635 3857 maturitas

536 3938 889 4011 antecedat
925 3934 1241 4032 algorem.
1276 3936 1447 4023 Quae
1499 3958 1698 4027 poma
1736 3934 2036 4026 vitesque
2086 3957 2269 4001 rores
2320 3932 2594 4001 oderint
2613 3986 2632 4017 ‚

534 4099 773 4156 contra
814 4077 1029 4170 ortuS,
1064 4095 1143 4150 ut
1187 4071 1409 4149 statim
1450 4071 1707 4147 auferat
1741 4075 1838 4145 sol
1868 4102 1883 4144 ε
1919 4101 2068 4170 quae
2100 4090 2356 4163 ament,
2394 4075 2481 4144 ad
2523 4102 2634 4145 oc-
