2941 4807
467 398 544 467 46
934 401 999 458 C.
1041 400 1281 459 PLINII
1320 401 1518 458 HIST.
1561 402 1735 460 NAT.
1777 404 1923 460 LIB.
1948 404 2109 461 XVI.

478 541 765 596 tantum.
807 528 1280 623 Theopompus
1333 529 1601 625 scripsit
1622 583 1642 618 ,
1680 530 1752 598 in
1788 528 2377 625 Apolloniatarum
2418 508 2609 629 agro·

478 673 695 767 picem
738 670 1062 760 fossilem,
1092 698 1231 742 non
1280 672 1684 743 deteriorem
1723 673 2160 745 Macedonica
2198 729 2218 766 ‚
2270 674 2579 746 inveniri.

478 816 604 884 Pix
636 816 890 911 optima
925 816 1179 911 ubique
1218 841 1298 885 ex
1347 818 1592 911 apricis
1624 815 1979 912 Aquilonis
2013 820 2168 888 situ.
2208 823 2314 889 Ex
2360 821 2584 915 opacis

477 961 844 1049 horridior,
880 963 1199 1057 virusque
1235 962 1615 1058 praeferens.
1650 963 1922 1058 Frigida
1966 965 2222 1052 hieme,
2265 964 2582 1056 deterior,

480 1131 558 1176 ac
606 1107 832 1176 minus
884 1108 1194 1202 copiosa,
1242 1122 1308 1175 et
1363 1105 1656 1176 decolor.
1697 1107 1996 1196 Quidam
2041 1109 2459 1179 arbitrantur
2511 1111 2583 1178 in

485 1250 861 1322 montuosis
903 1253 1096 1348 copia
1134 1254 1671 1348 praestantiorem
1706 1277 1784 1322 ac
1815 1252 2040 1324 colore
2062 1307 2082 1344 ,
2120 1268 2186 1323 et
2218 1253 2582 1325 dulciorem

485 1398 629 1466 fieri
655 1450 674 1486 ,
713 1397 988 1467 odorem
1040 1422 1310 1490 quoque
1358 1397 1760 1491 gratiorem,
1807 1397 1971 1467 dum
2012 1399 2234 1467 resina
2284 1399 2416 1468 sit:
2465 1398 2583 1468 de-

484 1557 743 1613 coctam
774 1558 1001 1611 autem
1047 1543 1273 1611 minus
1316 1541 1486 1635 picis
1523 1539 1841 1628 reddere,
1885 1544 2200 1636 quoniam
2253 1544 2325 1611 in
2362 1567 2582 1612 serum

486 1690 723 1759 abeat:
758 1689 1230 1781 tenuioresque
1268 1711 1406 1754 esse
1444 1687 1622 1780 ipsas
1664 1686 1963 1774 arbores,
1999 1712 2201 1781 quam
2232 1689 2300 1756 in
2325 1687 2578 1784 planis:

485 1835 602 1905 sed
631 1835 753 1903 lias
791 1848 860 1903 et
900 1831 1046 1902 illas
1093 1833 1449 1902 serenitate
1506 1831 1887 1902 steriliores.
1924 1837 2248 1902 Fructum
2282 1835 2583 1927 quaedam

489 1982 798 2078 proximo
835 2003 1014 2049 anno
1042 1979 1126 2047 ab
1169 1977 1383 2047 incisu
1416 1976 1820 2073 largiuntur,
1854 1975 1996 2047 aliae
2030 1977 2324 2048 secundo
2349 2030 2369 2068 ,
2406 2005 2585 2073 quae-

482 2126 637 2196 dam
680 2126 897 2195 tertio.
949 2123 1274 2220 Expletur
1308 2139 1533 2194 autem
1568 2122 1767 2219 plaga
1801 2124 2023 2193 resina
2044 2175 2064 2213 ,
2103 2149 2243 2220 non
2286 2126 2535 2195 cortice
2563 2177 2583 2215 ,

489 2297 613 2343 nec
642 2271 951 2342 cicatrice
971 2322 990 2360 ,
1033 2294 1182 2363 quae
1213 2270 1285 2338 in
1315 2269 1442 2339 hac
1470 2269 1712 2338 arbore
1746 2294 1884 2337 non
1922 2268 2078 2338 coit.

586 3201 777 3268 Inter
806 3198 949 3266 haec
989 3220 1233 3292 genera
1280 3198 1632 3292 proprium
1670 3197 1946 3291 quidam
1993 3197 2208 3267 fecere
2237 3198 2582 3292 sappium,

490 3345 812 3439 quoniam
876 3361 959 3412 ex
1019 3343 1422 3437 cognatione
1493 3368 1725 3412 earum
1786 3343 2032 3413 seritur
2056 3397 2076 3432 ,
2131 3340 2345 3437 qualis
2408 3341 2588 3411 dicta

489 3491 687 3560 estin
724 3486 1012 3557 nucleis:
1043 3490 1320 3581 ejusque
1346 3487 1607 3556 arboris
1645 3490 1810 3555 imas
1844 3502 2067 3581 partes
2093 3486 2278 3556 tedas
2308 3500 2586 3573 vocant,

491 3661 700 3731 quum
741 3635 829 3704 sit
859 3631 971 3702 illa
1013 3634 1215 3702 arbor
1244 3631 1340 3701 nil
1372 3631 1591 3721 aliud,
1628 3658 1832 3727 quam
1862 3633 2088 3728 picea,
2121 3633 2403 3702 feritatis
2429 3658 2589 3727 pau-

482 3781 633 3860 ,lum
666 3779 986 3873 mitigatae
1025 3793 1180 3888 sabtu
1210 3803 1227 3846 ε
1270 3778 1543 3872 sapinus
1579 3790 1802 3846 autem
1855 3777 2164 3847 materies
2199 3800 2515 3848 caesarum
2549 3801 2588 3844 c

493 3951 736 4023 genere
765 3926 852 3996 sit
876 3977 897 4016 ,
936 3925 1133 3993 sicuti
1165 3922 1575 3992 docebimus,
