2941 4807
473 397 548 449 72
962 384 1026 440 C.
1067 383 1303 441 PLINII
1342 384 1537 440 HIST.
1579 385 1752 440 NAT'.
1792 386 1932 441 LIB.
1958 386 2121 442 XVI.

476 524 554 577 ut
589 508 898 579 diximus.
937 512 1068 578 Hic
1111 524 1211 579 est
1249 510 1556 606 genitalis
1593 472 1869 607 spiritus
1899 511 2171 601 mundi,
2198 537 2239 580 a
2276 511 2568 580 fovendo

479 652 739 742 dictus,
787 668 865 722 ut
911 652 1184 747 quidam
1226 655 1710 724 existimavere.
1754 653 1903 724 Flat
1947 656 2030 724 ab
2080 680 2316 725 occasu
2363 656 2572 756 aequi-

482 798 787 888 noctiali,
817 824 933 868 ver
964 800 1309 877 inchoans,
1346 799 1827 881 Catulitionem
1852 801 2086 871 rustici
2118 815 2393 890 vocant,
2427 827 2571 896 ges-

484 945 691 1023 tiente
731 959 972 1026 natura
1002 945 1260 1021 semina
1296 947 1596 1040 accipere
1616 998 1637 1035 ‚
1670 971 1880 1040 eoque
1914 948 2207 1022 animam
2244 946 2572 1016 inferente

487 1089 797 1170 omnibus
830 1090 1007 1170 satisq
1042 1089 1452 1184 Concipiunt
1476 1091 1678 1160 variis
1702 1090 1968 1177 diebm,
2000 1105 2069 1158 et
2086 1116 2213 1184 pro
2239 1115 2360 1159 sua
2387 1115 2572 1184 quae-

490 1258 623 1329 que
659 1249 917 1303 natura.
954 1231 1105 1304 Alia
1131 1235 1477 1328 protinu8‚
1518 1248 1593 1303 ut
1625 1232 1940 1303 animalia
1971 1260 1987 1302 ε
2030 1233 2284 1303 tardius
2318 1233 2575 1328 aliqua,

491 1391 560 1446 et
586 1377 837 1446 diutius
874 1375 1148 1471 gravida
1188 1388 1419 1474 partus
1452 1390 1694 1471 gerunt
1724 1401 1741 1444 z
1781 1375 1964 1470 quod
1989 1377 2390 1472 germinatio
2426 1377 2578 1446 ideo

491 1537 788 1593 vocatur.
826 1524 1105 1591 Pariunt
1143 1547 1305 1590 vero
1341 1545 1551 1616 quum
1586 1520 1827 1591 florent
1848 1573 1868 1610 ‚
1908 1521 2165 1627 flosque
2206 1519 2319 1591 ille
2363 1523 2581 1617 ruptis

493 1682 757 1739 constat
786 1665 1113 1736 utriculis·
1151 1666 1480 1736 Educatio
1518 1666 1587 1747 in
1620 1689 1822 1775 pomo
1852 1680 1949 1741 est
1978 1691 1993 1734 τ
2028 1665 2162 1764 hoc
2183 1718 2203 1755 ‚
2241 1681 2307 1737 et
2334 1669 2580 1766 germi-

497 1814 680 1905 natio
696 1864 717 1902 ,
754 1811 1081 1897 laborqu

795 2480 933 2547 Quae
966 2479 1202 2534 arbores
1235 2496 1543 2552 numquam
1581 2475 1841 2535 floreant.
1881 2479 1968 2534 De
1994 2478 2287 2551 juniperis.

604 2704 750 2771 XL.
792 2698 944 2771 Flos
985 2718 1084 2771 est
1119 2701 1300 2798 pleni
1332 2705 1506 2772 veris
1548 2702 1872 2772 indicium
1894 2756 1913 2789 ‚
1947 2718 2012 2771 et
2048 2702 2208 2771 anni
2238 2723 2593 2771 renascens

512 2846 627 2927 tis,
662 2845 785 2919 flos
813 2845 1132 2941 gaudium
1168 2848 1505 2926 arborum.
1532 2852 1722 2926 Tunc
1748 2874 1815 2917 se
1841 2873 2045 2917 novas
2072 2846 2364 2942 aliasque
2389 2871 2593 2942 quam

512 3005 668 3060 sunt
706 2991 1068 3072 ostendunt
1100 3018 1117 3060 τ
1161 3008 1323 3072 tunc
1356 2995 1556 3072 variis
1598 2994 1899 3073 colorum
1946 2994 2226 3088 picturis
2263 2994 2333 3070 in
2377 2961 2622 3088 certa-t

513 3160 667 3210 men
698 3159 909 3229 usque
941 3133 1303 3214 luxuriant.
1343 3134 1474 3203 Sed
1515 3136 1644 3210 hoc
1686 3149 2006 3229 negatum
2044 3131 2397 3229 plerisque.
2436 3137 2594 3205 Non

516 3282 696 3356 enim
739 3305 969 3350 omnes
1010 3279 1251 3348 florent
1283 3305 1298 3347 ε
1342 3294 1409 3347 et
1447 3295 1606 3348 sunt
1643 3280 1865 3348 tristes
1912 3277 2215 3373 quaedam
2238 3332 2257 3370 ,
2316 3304 2599 3374 quaeque
2650 3264 2658 3268 .

518 3450 657 3494 non
693 3426 985 3493 sentiant
1016 3423 1257 3518 gaudia
1297 3448 1650 3492 annorum.
1689 3425 1866 3493 Nam
1911 3427 2128 3517 neque
2157 3423 2288 3494 ilex
2315 3475 2335 3512 ‚
2373 3424 2597 3518 picea,

519 3565 718 3654 larix,
748 3568 946 3662 pinus
983 3564 1122 3634 ullo
1161 3566 1326 3645 flore
1357 3563 1836 3655 exhilarantur,
1871 3566 2204 3641 natalesve
2244 3593 2600 3668 pomorum

522 3735 833 3786 recursus
856 3736 1112 3791 annuos
1148 3709 1531 3786 versicolori
1558 3713 1798 3790 nuntio
1827 3714 2270 3807 promittunt:
2300 3740 2424 3783 nee
2456 3714 2602 3803 fici,

528 3824 725 3952 atque
767 3855 1083 3951 caprifici.
1130 3857 1444 3928 Protinus
1495 3858 1672 3931 enim
1720 3856 2012 3931 fructum
2056 3858 2253 3928 flores
2294 3859 2601 3954 gignunt.

527 4003 607 4076 In
649 4000 792 4079 ficis
829 3999 1162 4076 mirabiles
1200 4015 1357 4076 sunt
1392 4015 1459 4068 et
1496 4003 1802 4089 aboi-tm,
1832 4003 1947 4095 qui
1981 4027 2348 4100 numquam
2380 4019 2599 4080 matu·-
