2941 4807
548 462 652 521 124
1002 458 1063 512 C.
1105 458 1342 514 PLINII
1380 459 1574 516 HIST.
1613 460 1791 516 NAT.
1832 463 1970 517 LIB.
2010 463 2169 517 XVI.

575 723 662 777 De
689 720 1055 779 fistulatoriis.
1098 727 1184 781 De
1224 728 1610 784 Orchomenia
1647 728 1954 797 arundine,
2003 739 2059 784 et
2089 730 2459 802 aucupatoria
2475 771 2492 800 ‚
2529 740 2587 786 et

1420 825 1738 899 piscatoria.

632 1047 875 1115 LXVI.
914 1044 1119 1115 Plura
1150 1063 1372 1116 autem
1403 1073 1670 1143 genera.
1712 1048 1862 1119 Alia
1895 1051 2191 1143 spissior,
2227 1049 2628 1144 densiorque

539 1187 894 1283 geniculiS‚
931 1192 1247 1260 brevibus
1284 1193 1702 1262 internodiis.
1746 1191 1893 1263 Alia
1928 1195 2182 1280 rarior,
2215 1195 2625 1288 majoribus:

537 1338 935 1431 tenuiorque
967 1352 1033 1406 et
1070 1339 1233 1433 ipsa.
1277 1337 1594 1407 Calamus
1630 1364 1792 1408 vero
1838 1338 2007 1408 alius
2039 1352 2220 1409 totus
2253 1364 2586 1409 concavus
2608 1392 2627 1424 ‚

535 1505 737 1574 quem
777 1481 1138 1576 syringiam
1192 1496 1479 1569 vocant,
1527 1481 1917 1551 utilissimus
1976 1480 2256 1570 fistuliS‚
2305 1484 2626 1576 quoniam

532 1623 700 1694 nihil
754 1639 853 1695 est
906 1627 966 1694 ei
1018 1625 1427 1722 cartilaginis
1481 1643 1683 1721 atque
1723 1629 1962 1697 carnis.
2004 1629 2493 1697 Orchomenius
2528 1642 2629 1697 est

533 1772 858 1842 continuo
891 1771 1215 1842 foramine
1242 1774 1543 1867 pervim,
1577 1798 1775 1867 quem
1806 1771 2168 1842 auleticum
2200 1789 2477 1843 vocant:
2516 1773 2628 1842 hic

536 1917 715 1987 tibiis
748 1916 1020 2004 utilior,
1065 1916 1305 1987 fistulis
1349 1916 1482 1986 ille.
1525 1921 1646 1988 Est
1698 1917 1869 1988 alius
1915 1920 2238 1988 crassiore
2280 1916 2507 2013 ligno,
2559 1934 2628 1988 et

534 2064 723 2131 tenui
778 2062 1143 2150 foramine,
1197 2066 1380 2134 hunc
1439 2080 1657 2135 totum
1714 2066 1996 2162 fungosa
2044 2056 2256 2162 replet
2308 2065 2646 2135 medulla

537 2205 727 2276 Alius
752 2206 1053 2294 brevior,
1082 2205 1250 2277 alius
1286 2209 1669 2303 procerior,
1697 2209 1963 2300 exilior,
1995 2212 2430 2306 crassiorque.
2463 2215 2629 2280 Fru-

538 2352 973 2424 ticosissimus
998 2407 1017 2440 ‚
1073 2355 1189 2449 qui
1244 2370 1527 2426 vocatur
1574 2354 1793 2425 donax
1820 2409 1840 2446 ,
1897 2383 2035 2426 non
2101 2358 2226 2427 nisi
2284 2357 2353 2425 in
2415 2381 2628 2452 aqua-

539 2501 684 2569 ticis
739 2515 938 2570 natus
980 2526 995 2567 t
1053 2499 1369 2593 quoniam
1428 2513 1495 2569 et
1542 2500 1684 2568 haec
1721 2500 2093 2570 differentia
2141 2518 2290 2572 est:
2331 2501 2626 2572 multum

540 2643 815 2739 praelata
848 2644 1208 2731 arundine,
1244 2668 1393 2737 quae
1428 2644 1498 2713 in
1535 2646 1726 2715 siccis
1758 2647 2125 2741 proveniat.
2173 2650 2383 2717 Suum
2414 2673 2625 2743 genus

539 2791 879 2884 sagittario
913 2787 1169 2859 calamo
1196 2840 1214 2876 ,
1264 2805 1340 2858 ut
1375 2790 1706 2860 diximus:
1761 2792 1875 2860 sed
1913 2794 2178 2862 Cretico
2221 2791 2628 2888 longissimis

541 2934 933 3005 internodiis
956 2988 975 3025 ,
1019 2937 1584 3036 obsequentique,
1619 2962 1753 3030 quo
1792 2935 1992 3007 libeat
2025 2937 2203 3007 flecti
2224 2991 2242 3028 ‚
2284 2937 2623 3008 calefacto.

539 3080 971 3151 Differentias
1012 3055 1269 3149 faciunt
1302 3095 1366 3151 et
1402 3080 1559 3150 folia
1601 3106 1738 3150 non
1778 3080 2243 3170 multitudine,
2287 3106 2522 3151 verum
2564 3098 2629 3151 et

527 3221 786 3298 ‘coloress
803 3229 1012 3297 Varia
1048 3228 1397 3297 Laconicis
1418 3280 1437 3312 ‚
1474 3242 1543 3295 et
1575 3226 1657 3295 ab
1686 3228 1822 3296 ima
1859 3242 2049 3322 parte
2086 3226 2426 3317 densiora,
2461 3253 2626 3322 qua·

537 3372 634 3442 les
667 3374 737 3441 in
767 3387 984 3441 totum
1020 3374 1196 3441 circa
1231 3386 1463 3467 stagna
1494 3372 1688 3468 gigni·
1707 3387 1989 3466 putant,
2031 3370 2382 3442 dissimiles
2413 3374 2625 3442 amni-

537 3520 663 3607 ciS,
693 3516 1047 3611 longisque
1074 3516 1302 3585 vestiri
1333 3517 1611 3617 tunicis2
1630 3517 1984 3612 spatiosius
2007 3542 2044 3586 a
2072 3515 2249 3587 nodo
2269 3516 2626 3587 scandente

534 3657 908 3755 complexu,
940 3663 1168 3728 Est·et
1207 3655 1481 3752 obliqua
1516 3658 1778 3727 arundo
1801 3709 1819 3745 ,
1872 3683 2009 3728 non
2060 3660 2130 3727 in
2181 3633 2626 3729 excelsitatem

537 3830 812 3876 nascens
842 3856 861 3889 ,
905 3801 1021 3873 sed
1060 3802 1256 3896 juxta
1294 3818 1541 3872 terram
1595 3802 1854 3874 fruticis
1900 3803 2101 3873 modo
2154 3830 2222 3874 se
2268 3830 2629 3902 spargenS,

536 3950 924 4018 suavissima
963 3950 1035 4017 i·n
1077 3949 1428 4017 teneritate
1468 3947 1886 4020 animalibus.
1924 3952 2226 4019 Vocatur
2272 3974 2311 4017 a
2349 3950 2633 4044 quibus-

540 4093 693 4165 dam
727 4093 953 4189 elegia.
990 4099 1106 4164 Est
1143 4108 1207 4163 et
1247 4096 1317 4161 in
1351 4091 1546 4162 Italia
1583 4118 1860 4164 nascens
1894 4094 2133 4165 adarca
2166 4095 2435 4164 nomine
2457 4146 2476 4183 ,
2513 4119 2630 4188 pa-
