2941 4807
532 463 606 518 88
1011 466 1074 521 C.
1114 466 1348 521 PLINII
1387 464 1582 519 fflsr.
1624 462 1792 519 NAT.
1833 463 1971 520 Lm.
1997 463 2149 519 XVI.

531 586 678 671 ciae,
722 587 967 679 Cypri,
1010 583 1304 655 Helladis
1327 639 1346 671 ‚
1381 586 1542 655 ficos
1580 587 1703 656 suh
1737 583 1898 656 folio
1924 639 1943 673 ,
1981 610 2241 680 grossos
2269 608 2426 654 vero
2453 604 2608 679 post

530 726 764 797 folium
789 729 989 798 nasci.
1019 730 1215 799 Ficus
1243 743 1311 799 et
1338 753 1666 823 praecoces
1682 730 1911 815 habet,
1947 754 2110 823 quas
2147 706 2421 799 Athenis
2447 752 2606 822 pro-

532 870 804 940 dromos
835 887 1096 942 vocant.
1141 876 1221 942 In
1260 875 1595 943 Laconico
1633 898 1873 967 genere
1907 876 2190 942 maxime
2214 887 2387 941 sunt.
2886 866 2896 1239 q

1314 1415 1512 1473 Biferae
1541 1435 1554 1470 :
1592 1415 1814 1471 triferae.

623 1636 703 1705 L.
751 1660 862 1733 27.
883 1637 1068 1734 ⁴Sunt
1104 1650 1169 1705 et
1201 1634 1432 1705 biferae
1455 1638 1527 1706 in
1560 1636 1828 1707 eisdem.
1863 1638 1941 1704 ln
1969 1635 2107 1705 Cea
2144 1633 2356 1705 insula
2389 1637 2607 1729 capri-

526 1778 636 1849 fici
669 1778 913 1848 triferae
948 1792 1124 1848 sunt.
1166 1779 1396 1849 Primo
1427 1779 1565 1849 fetu
1602 1803 1881 1873 sequens
1920 1794 2269 1868 evocatur,
2302 1780 2603 1872 sequenti

529 1921 808 1991 tertius:
847 1922 976 1991 hoc
1005 1922 1114 1992 fici
1143 1922 1632 2017 caprificautur.
1666 1926 1763 2019 Et.
1782 1921 2074 2016 caprifici
2112 1934 2334 1991 autem
2368 1922 2451 1989 ab
2485 1921 2606 1989 ad-

530 2065 739 2135 versis
773 2064 946 2135 foliis
974 2081 1360 2136 nascuntur.
1396 2065 1627 2136 Biferae
1660 2080 1726 2134 et
1764 2028 1838 2134 in
1870 2064 2059 2134 malis
2090 2090 2169 2134 ac
2218 2067 2380 2159 piris
2421 2090 2603 2158 quae·

526 2184 679 2275 dam
698 2259 717 2295 ,
752 2210 922 2278 sicut
948 2224 1013 2278 et
1046 2235 1394 2304 praecoces.
1433 2208 1655 2279 Malus
1696 2207 2009 2278 silvestris
2045 2207 2275 2279 bifera.
2298 2211 2599 2302 Sequens

525 2351 665 2446 ejus
720 2350 978 2424 fructus
1038 2369 1189 2450 post
1247 2360 1612 2428 Arcturum
1666 2356 1736 2423 in
1789 2353 2031 2450 apricis
2070 2351 2374 2426 maxime.
2411 2352 2600 2423 Vites

524 2497 789 2591 quidem
818 2514 896 2569 ut
928 2498 1166 2569 triferae
1200 2514 1391 2588 sunt,
1416 2523 1580 2592 quas
1613 2501 1698 2568 ob
1730 2498 1799 2569 id
1827 2501 2091 2570 insanas
2117 2515 2396 2570 vocant:
2424 2524 2601 2594 quo-

525 2640 708 2708 niam
731 2640 813 2708 in
851 2641 933 2709 iis
982 2638 1112 2710 alia
1146 2656 1603 2711 maturescunt
1622 2695 1641 2732 ,
1678 2640 1810 2711 alia
1854 2658 2239 2736 turgescunt
2260 2696 2279 2730 ,
2315 2640 2445 2712 alia
2476 2642 2601 2712 ¹flo-

520 2797 693 2850 rent.
736 2785 831 2852 M.
863 2786 1079 2854 Varro
1120 2798 1353 2853 auctor
1394 2752 1496 2854 est
1519 2839 1537 2871 ‚
1588 2786 1792 2855 vitem
1838 2783 2041 2856 fuisse
2081 2790 2379 2883 Smyrnae
2415 2788 2600 2883 apud

520 2927 863 2994 Matroum
901 2925 1176 2995 biferam
1195 2980 1216 3017 ,
1253 2943 1321 2996 et
1359 2928 1612 2998 malum
1663 2931 1732 2998 in
1766 2955 1927 3026 agro
1963 2932 2395 3000 Consentino.
2450 2936 2598 3003 Hoc

521 3081 745 3136 autem
804 3071 1025 3139 evenit
1073 3086 1397 3165 perpetuo
1430 3073 1517 3166 ⁴in
1562 3073 1927 3167 Tacapensi
1962 3073 2205 3144 Africae
2245 3099 2408 3169 agro
2436 3125 2459 3164 ,
2512 3075 2597 3144 de

518 3234 654 3303 quo
684 3210 878 3310 plura
918 3212 1077 3284 alias
1105 3241 1121 3282 t
1166 3239 1243 3284 ea
1277 3230 1376 3284 est
1415 3215 1538 3285 soli
1580 3216 1899 3286 fertilitas.
1935 3215 2195 3285 Trifera
2238 3231 2339 3285 est
2379 3230 2444 3284 et
2474 3242 2593 3286 cu-

518 3379 800 3447 pressus.
824 3360 1132 3453 Namque
1164 3359 1380 3429 baecae
1401 3360 1547 3452 ejus
1579 3358 1983 3455 colliguntur
2005 3383 2230 3429 mense
2252 3359 2590 3453 januariO,

516 3511 583 3567 et
616 3501 790 3569 maio
817 3552 836 3589 ,
873 3517 941 3570 et
973 3491 1335 3597 septembri
1366 3528 1381 3571 ε
1419 3516 1768 3596 ternasque
1803 3527 2034 3574 earum
2059 3502 2228 3598 gerit
2252 3504 2590 3598 *magnitu—

514 3639 717 3712 dines.
