2941 4807
525 418 635 479 114
996 415 1062 470 C.
1103 414 1334 475 PLINII
1373 414 1571 473 HIST-
1613 415 1788 471 NAT.
1821 415 1962 472 LIB.
1988 413 2152 471 XVI.

523 550 694 626 tate,
734 541 1057 632 quoniam
1095 538 1390 610 fructum
1427 564 1571 609 non
1606 539 1843 635 gignit.
1885 538 2189 630 Quidam
2238 537 2371 607 hoc
2412 537 2626 606 aetatis

520 704 663 750 esse
686 733 705 771 ,
744 704 884 750 non
936 683 1201 777 generis
1236 683 1620 752 existimant
1651 709 1669 752 t
1728 684 2083 777 primoque
2125 679 2407 751 helicem
2443 705 2585 750 esse
2607 733 2627 766 ,

521 824 665 894 fieri
703 822 972 895 ederam
1013 841 1363 896 vetustate.
1406 829 1674 895 Horum
1719 850 1908 895 error
1945 824 2332 895 manifestus
2375 822 2630 893 intelli-

523 972 706 1067 gitur
743 997 759 1039 ε
809 973 1132 1066 quoniam
1173 970 1407 1042 helicis
1449 969 1647 1071 plura
1699 995 1942 1068 genera
1993 965 2425 1069 reperiuntur
2448 1021 2467 1059 ,
2513 969 2630 1038 sed

524 1117 654 1186 tria
692 1119 980 1189 maxime
1013 1119 1299 1215 insignia
1330 1144 1346 1188 ε
1393 1118 1720 1189 herbacea
1752 1142 1829 1187 ac
1865 1117 2120 1204 virenS,
2152 1142 2301 1211 quae
2330 1115 2632 1212 plurima

522 1277 626 1335 est
654 1288 670 1328 ε
712 1260 919 1337 altera
947 1261 1232 1337 candido
1269 1261 1476 1333 folio:
1513 1265 1709 1333 tertia
1726 1263 1783 1355 ,ζ
1785 1260 2171 1336 versicolori
2186 1314 2207 1351 ‚
2242 1286 2391 1355 quae
2410 1260 2631 1331 Thra-

525 1407 629 1475 cia
662 1421 965 1476 vocatur.
1014 1407 1408 1475 Etiamnum
1447 1406 1792 1476 herbaceae
1832 1408 2144 1476 tenuiora
2191 1403 2349 1474 folia
2370 1454 2389 1493 ‚
2440 1418 2509 1473 ct
2559 1405 2634 1473 in

526 1550 833 1621 ordinem
873 1552 1130 1646 digesta
1155 1603 1174 1639 ‚
1224 1551 1695 1645 densioraque.
1752 1555 1831 1620 In
1894 1551 2028 1621 alio
2081 1575 2323 1647 genere
2370 1549 2635 1620 diversa

526 1697 775 1765 omnia.
813 1696 1009 1764 Et‘in
1045 1691 1432 1764 versicolori
1464 1693 1601 1765 alia
1637 1695 2058 1765 tenuioribus
2091 1694 2309 1780 foliis,
2346 1710 2412 1763 et
2445 1695 2635 1767 simi-

526 1838 681 1910 liter
714 1839 1042 1910 ordinatis
1083 1839 1640 1932 densioribusque
1670 1853 1807 1908 est:
1844 1837 2038 1908 alteri
2072 1839 2300 1939 generi
2329 1837 2638 1933 neglecta

527 1987 668 2055 haec
705 1987 954 2063 omnia.
994 1986 1257 2080 Majora
1297 2009 1569 2079 quoque
1607 1999 1727 2055 aut
1767 1985 2031 2053 minora
2071 1999 2227 2053 sunt
2255 1981 2414 2053 folia
2435 2036 2457 2071 ,
2492 2009 2636 2055 ma·

529 2129 974 2225 cularumque
1009 2128 1247 2199 habitu
1270 2128 1565 2197 distant:
1598 2143 1667 2197 et
1695 2128 1765 2196 in
1792 2127 2094 2197 candidis
2122 2126 2250 2196 alia
2286 2142 2445 2196 sunt
2471 2152 2643 2196 can·

530 2273 810 2343 didiora.
850 2272 1193 2344 Adolescit
1229 2272 1299 2339 in
1331 2268 1830 2364 longitudinem
1861 2270 2150 2338 maxime
2184 2269 2534 2338 herbacea.

630 2729 922 2800 Arbores
978 2742 1206 2800 autem
1258 2740 1459 2796 necat
1509 2724 1846 2796 candida:
1902 2748 2308 2818 omnemque
2359 2748 2641 2794 succum

536 2873 902 2944 auferendo
930 2887 1120 2944 tanta
1147 2870 1592 2941 crassitudine
1625 2884 2042 2972 augetursut
2080 2869 2225 2966 ipsa
2259 2869 2469 2937 arbor
2495 2868 2639 2939 fiat.

536 3020 742 3115 Signa
772 3016 914 3112 ejus
954 3007 1111 3084 foria
1153 3015 1444 3084 maxima
1497 3027 1700 3107 atque
1743 3009 2062 3081 latissima
2085 3064 2105 3100 ,
2144 3037 2472 3081 mammas
2504 3014 2638 3081 eri-

540 3164 786 3262 gentiS‚
817 3187 968 3257 quae
999 3174 1157 3229 sunt
1183 3158 1420 3228 ceteris
1447 3155 1741 3224 inflexae:
1774 3156 2020 3224 racemi
2055 3169 2336 3246 stanteS,
2369 3181 2446 3226 ac
2478 3158 2640 3226 sub·

537 3311 723 3380 recti.
763 3313 852 3380 Et
888 3328 1299 3403 quamquam
1341 3302 1649 3371 omnium
1685 3299 2038 3368 ederarum
2069 3300 2295 3395 generi
2336 3300 2643 3373 radicosa

538 3454 847 3541 brachia,
884 3451 1045 3520 huic
1084 3464 1307 3520 tamen
1343 3446 1630 3518 maxime
1670 3466 1934 3514 ramosa
1971 3467 2050 3514 ac
2086 3445 2399 3514 robusta:
2437 3446 2526 3516 ab
2561 3471 2641 3520 ea

541 3600 768 3695 nigrae.
796 3595 926 3666 Sed
945 3594 1310 3696 *proprium
1341 3589 1511 3659 albae
1541 3588 1723 3684 quod
1757 3589 1934 3657 inter
1960 3587 2178 3657 media
2207 3587 2364 3658 folia
2398 3592 2643 3661 emittit

540 3741 848 3827 brachia,
883 3739 1222 3831 utrimque
1255 3759 1517 3829 semper
1547 3731 1950 3827 amplectens
1976 3722 2156 3801 :boc
2196 3749 2264 3802 et
2293 3734 2360 3802 in
2390 3738 2639 3826 muriS,

542 3883 846 3983 quamvis
887 3881 1140 3951 ambire
1171 3903 1309 3948 non
1342 3876 1572 3974 possit.
1621 3878 1858 3968 Itaque
1899 3875 2096 3946 etiam
2134 3874 2437 3969 pluribus
2474 3875 2640 3950 locis

548 4030 857 4106 intercisa
881 4079 903 4118 ,
943 4026 1111 4095 vivit
1145 4038 1372 4092 tamen
1404 4019 1779 4112 duratque:
1822 4033 1889 4087 et
1919 4020 2197 4090 totidem
2234 4020 2427 4090 initia
2459 4021 2638 4090 radi-
