2941 4807
431 435 501 495 ¹4
870 436 934 490 C.
975 436 1207 493 PLmn
1246 438 1457 495 1-118‘12·
1483 441 1655 497 NAT.
1698 443 1838 499 LIB.
1865 446 2023 503 XVI.

1115 1144 1427 1203 Glandium
1459 1164 1674 1221 genera
1698 1166 1848 1207 χιιι.

426 1437 431 1443 ,
515 1370 633 1437 VI.
673 1365 739 1436 5.
772 1365 1072 1438 Glandes
1100 1392 1259 1464 opes
1282 1394 1426 1439 esse
1458 1395 1643 1440 nunc
1666 1397 1933 1468 quoque
1965 1373 2327 1446 multarum
2352 1401 2517 1474 gen-

423 1518 627 1605 tium,
661 1517 864 1587 etiam
891 1541 1059 1612 pace
1085 1515 1523 1613 gaudentium
1559 1536 1841 1591 constat.
1870 1524 2155 1595 Necnon
2189 1541 2259 1595 et
2294 1528 2521 1623 inopia

421 1666 693 1763 frugum
750 1666 1054 1736 arefactis
1110 1665 1392 1737 molitur
1431 1666 1685 1755 farina,
1728 1669 2183 1767 spissaturque
2216 1675 2287 1743 in
2330 1676 2520 1770 panis

418 1841 634 1886 usum.
665 1817 852 1906 Quin
890 1831 959 1885 et
990 1816 1327 1912 hodieque
1359 1843 1483 1913 per
1511 1820 1898 1916 Hispania3‚
1931 1822 2238 1893 secundis
2274 1825 2518 1895 mensis

415 1963 607 2061 glans
657 1967 996 2037 inseritur.
1045 1964 1333 2037 Dulcior
1364 1967 1597 2037 eadem
1633 1970 1706 2040 in
1739 1971 1962 2041 cinere
1996 1986 2190 2041 tosta.
2224 1976 2516 2044 Cautum

416 2123 517 2177 est
545 2121 865 2202 praeterea
889 2106 1033 2203 lege
1062 2132 1162 2178 ΧΗ
1189 2107 1607 2200 tabularum,
1630 2138 1665 2176 α
1685 2124 1765 2180 ut
1792 2109 2103 2208 glandem
2129 2116 2199 2200 in
2222 2114 2516 2187 alienum

415 2253 704 2325 fundum
752 2255 1211 2362 procidentem
1252 2255 1487 2328 liceret
1537 2256 1872 2356 colligere.
1901 2291 1937 2329 n
1973 2263 2245 2333 Genera
2283 2288 2515 2336 earum

410 2405 644 2478 multa.
677 2410 956 2479 Distant
994 2408 1221 2479 fructu
1248 2463 1268 2495 ‚
1305 2412 1439 2480 situ
1462 2464 1482 2500 ,
1521 2435 1716 2499 sexu,
1752 2436 2010 2509 sapore.
2043 2413 2354 2509 Namque
2384 2383 2513 2487 alia

412 2565 615 2662 fageae
650 2562 880 2660 glandi
917 2566 1166 2662 figura,
1203 2564 1335 2636 alia
1370 2590 1643 2660 quernae
1665 2616 1685 2655 ,
1729 2580 1800 2636 et
1838 2562 1969 2635 alia
2007 2564 2230 2663 ilignae
2259 2592 2276 2636 ε
2312 2529 2512 2663 ᾶῑῴθ

411 2721 588 2790 inter
618 2743 691 2788 se
730 2740 1002 2812 quoque
1032 2738 1351 2811 generum
1390 2709 1815 2809 singulorum
1865 2713 2282 2785 differentiae.
2329 2718 2510 2786 Prae-

410 2884 595 2938 terea
633 2881 795 2937 sunt
837 2863 1076 2959 aliquae
1111 2861 1475 2952 silvestreS‚
1518 2860 1664 2932 aliae
1688 2861 2117 2958 placidiores,
2143 2889 2292 2959 quae
2325 2863 2511 2936 culta

410 3020 737 3088 obtinent.
775 3020 925 3086 Jam
961 3015 1163 3085 etiam
1203 3015 1272 3082 in
1331 3013 1704 3084 montuosis
1737 3065 1756 3103 ,
1806 3012 2157 3110 planisque
2208 3015 2506 3086 distant:

408 3170 582 3239 sicut
612 3183 681 3239 et
709 3192 871 3236 sexu
904 3190 1121 3235 mares
1153 3190 1231 3235 ac
1266 3163 1526 3234 feminae
1556 3189 1573 3231 ε
1617 3164 1777 3234 item
1810 3188 2066 3259 sapore.
2102 3163 2505 3238 Dulcissima

405 3322 714 3394 omnium
751 3320 889 3414 fagi
910 3369 932 3408 ‚
970 3331 1048 3387 ut
1096 3341 1229 3412 qua
1271 3316 1575 3390 obsessos
1625 3317 1827 3386 etiam
1882 3316 2190 3390 homines
2231 3316 2503 3390 durasse

405 3476 478 3543 in
513 3438 768 3568 oppido
807 3469 981 3541 Chio
1020 3468 1242 3538 tradat
1265 3465 1623 3538 Cornelius
1658 3465 2049 3538 Alexander.
2074 3472 2338 3540 Genera
2366 3469 2502 3539 dis·

402 3624 712 3718 tinguere
771 3644 911 3689 non
963 3613 1167 3687 datur
1223 3617 1610 3686 nominibus
1644 3653 1668 3706 ‚¹
1725 3641 1873 3711 quae
1928 3632 2088 3687 sunt
2138 3615 2268 3689 alia
2318 3616 2498 3705 alibi.

405 3747 682 3869 Quippe
710 3795 920 3865 quum
947 3769 1160 3839 robur
1187 3792 1646 3863 quercumque
1679 3766 1883 3863 vulgo
1914 3767 2096 3838 nasci
2127 3769 2499 3857 videamuS,

402 3923 703 3996 esculum
747 3946 889 3991 non
940 3920 1211 4014 ubique.
1265 3918 1602 4007 Quartam
1651 3942 1811 3988 vero
1860 3920 2117 4015 generis
2157 3919 2454 4014 ejusdem
2476 3974 2497 4008 ‚

396 4101 544 4170 quae
579 4098 807 4145 cerrus
839 4085 1154 4159 vocatur,
1191 4094 1274 4137 ne
1308 4067 1522 4160 Italiae
1556 4066 1828 4161 quidem
1870 4068 2123 4161 majore
2171 4093 2253 4138 ex
2303 4085 2496 4164 parte
