2941 4807
541 445 656 502 386
1001 444 1064 499 C.
1105 445 1340 500 PLINII
1383 443 1572 501 HIST.
1616 445 1791 501 NAT.
1836 446 1977 501 LIB.
2007 447 2197 503 XVII.

540 568 916 641 adolescere
953 622 971 658 ,
1026 571 1404 662 iterumque
1464 571 1778 665 migrare.
1848 573 1988 661 Qui
2031 573 2350 641 transitus
2387 575 2645 643 mirum

545 718 615 785 in
654 713 929 784 modum
967 715 1230 809 mitigat
1272 714 1472 783 etiam
1504 713 1835 784 silvestres
1872 742 1888 783 :
1931 716 2070 785 sive
2106 716 2428 786 arborum
2468 743 2646 811 quo-

544 885 673 953 que
696 912 716 945 ‚
765 873 841 926 ut
883 859 1231 926 hominum
1262 871 1504 925 natura
1530 908 1549 943 ,
1599 858 1914 926 novitatis
1964 882 2041 927 ac
2074 825 2645 955 peregrinationis

542 1003 736 1073 avida
771 1015 917 1070 est:
970 1002 1106 1070 sive
1144 998 1557 1070 discedentes
1592 1001 1779 1070 virus
1822 999 2255 1096 relinquunt,
2303 1028 2648 1084 mansues-

542 1159 840 1239 cuntque
876 1158 1188 1232 tractatu,
1219 1168 1343 1213 ceu
1374 1142 1552 1231 ferae,
1590 1142 1756 1213 dum
1794 1143 2003 1216 radici
2037 1143 2347 1215 avellitur
2381 1146 2641 1242 planta.

1069 1930 1385 1988 Avulsione
1421 1932 1708 1987 nascentia
1744 1951 1765 1986 ι
1794 1951 1826 1985 a
1864 1931 2105 1988 surculo.

641 2152 831 2218 XIII.
873 2151 965 2219 Et
1000 2150 1183 2220 aliud
1211 2176 1423 2248 genus
1465 2150 1681 2222 simile
1717 2166 1960 2221 natura
1988 2151 2421 2238 monstravit,
2454 2148 2648 2219 avul-

543 2292 730 2383 sique
770 2293 1121 2363 arboribus
1166 2294 1462 2366 stolones
1504 2298 1748 2364 vixere.
1790 2296 1948 2384 Quo
1990 2296 2060 2364 in
2101 2319 2341 2391 genere
2376 2310 2447 2364 et
2485 2319 2647 2363 cum

545 2454 760 2526 perna
795 2459 916 2503 sua
949 2434 1357 2525 avelluntur,
1385 2452 1782 2532 partemque
1810 2436 2105 2531 aliquam
2143 2463 2178 2507 e
2215 2438 2446 2507 matris
2475 2462 2646 2531 quo-

543 2603 674 2673 que
724 2604 1006 2684 corpore
1079 2579 1392 2651 auferunt
1451 2605 1682 2651 secum
1741 2581 2080 2652 fimbriato
2130 2606 2430 2677 corpore.
2478 2554 2646 2650 *Hoc

545 2724 749 2793 modo
783 2724 1178 2819 plantantur
1205 2726 1476 2795 Punicae
1499 2778 1518 2814 ,
1563 2724 1773 2822 coryli
1800 2777 1820 2811 ‚
1854 2724 2048 2816 mali,
2083 2726 2303 2816 sorbi,
2338 2724 2645 2822 mespili,

544 2868 831 2958 fraxini,
870 2868 1028 2958 fici,
1086 2871 1158 2937 in
1199 2871 1570 2964 primisque
1613 2871 1804 2941 vites,
1853 2874 2231 2941 Cotoneum
2279 2874 2375 2940 ita
2421 2886 2644 2941 satum

546 3012 931 3109 degenerat.
975 3015 1077 3083 Ex
1133 3012 1367 3083 eodem
1419 3000 1769 3083 inventum
1818 3030 1915 3083 est
1962 3012 2263 3084 surculos
2320 3013 2645 3084 abscissos

547 3183 787 3228 serere.
836 3162 986 3227 Hoc
1018 3160 1241 3253 primo
1292 3160 1467 3253 sepis
1503 3183 1705 3228 causa
1736 3157 2018 3247 factum„
2052 3158 2416 3246 sambuciS,
2453 3175 2643 3230 coto·

547 3324 676 3370 neo
701 3351 721 3387 ‚
768 3315 835 3368 et
873 3299 1060 3369 rubis
1112 3298 1458 3393 depactis:
1511 3324 1668 3368 mox
1725 3312 1792 3367 et
1843 3297 2162 3385 culturae,
2217 3314 2293 3368 ut
2330 3301 2602 3396 populis
2624 3356 2645 3390 ‚

552 3445 721 3516 alnis
745 3499 763 3532 ‚
814 3443 1046 3533 salici,
1094 3468 1243 3538 quae
1294 3442 1397 3513 vel
1434 3445 1700 3512 inverso
1741 3441 2010 3513 surculo
2056 3444 2317 3513 seritur.
2359 3449 2521 3516 ..Iam
2556 3471 2646 3516 eae

548 3592 641 3659 ibi
681 3590 1165 3686 disponuntur,
1204 3588 1321 3657 ubi
1366 3586 1570 3657 libeat
1616 3608 1757 3656 esse
1785 3610 1914 3655 eas.
1952 3587 2413 3676 Quamobrem
2449 3596 2646 3662 semi·

549 3737 721 3805 narii
757 3758 991 3804 curam
1025 3749 1181 3804 ante
1219 3732 1532 3802 convenit
1566 3729 1731 3818 dici,
1765 3754 1969 3824 quam
1999 3743 2372 3803 transeatur
2404 3734 2491 3804 ad
2520 3735 2646 3805 alia

547 3903 812 3974 genera.
