2941 4807
527 433 635 489 116
991 437 1053 491 C.
1098 437 1329 492 PLINII
1373 437 1564 494 HIST.
1612 438 1784 492 NAT.
1827 436 1968 491 LIB.
1995 436 2150 491 XVI.

512 580 665 626 cum
707 552 960 643 habet,
1001 550 1165 653 quot
1202 559 1474 629 brachia
1503 612 1522 646 ‚
1584 560 1828 653 quibus
1876 556 2231 628 incolumis
2281 572 2346 626 et
2396 554 2609 625 solida

511 701 785 771 arbores
821 702 1000 797 sugit
1028 726 1108 770 ac
1150 700 1547 798 strangulat.
1591 707 1711 772 Est
1745 717 1814 772 et
1845 703 1915 771 in
1957 702 2180 771 fructu
2222 700 2609 770 differentia

509 847 677 917 albae
718 849 1061 943 nigraeque
1104 846 1316 917 ederae
1350 873 1366 917 ε
1428 848 1750 942 quoniam
1802 848 1950 917 aliis
1992 863 2175 920 tanta
2227 847 2608 917 amaritudo

508 994 729 1082 acini,
771 1008 850 1061 ut
881 1017 1035 1062 aves
1072 1018 1208 1061 non
1250 994 1604 1089 attingant.
1644 997 1765 1063 Est
1799 1008 1868 1062 et
1902 994 2128 1091 rigens
2163 992 2358 1062 edera
2385 1043 2405 1077 ,
2454 1018 2607 1087 quae

507 1139 649 1207 sine
688 1136 1103 1208 adminiculo
1136 1152 1315 1228 stat,
1367 1139 1510 1208 sola
1541 1141 1844 1208 omnium
1888 1163 2208 1234 generum
2246 1138 2333 1206 ob
2373 1138 2441 1207 id
2486 1164 2608 1207 vo-

445 1284 457 1295 ‘
506 1292 655 1349 cata
692 1279 912 1348 cissos
963 1283 1021 1349 E
1066 1279 1332 1349 diverso
1370 1305 1740 1374 numquam
1782 1281 1910 1350 nisi
1945 1281 2133 1350 humi
2171 1305 2410 1375 repens
2446 1281 2615 1385 cha-¹

504 1424 855 1493 maecissos.

1445 1944 1684 2001 Smilax.

603 2171 856 2237 LXIII.
903 2164 1015 2238 35.
1064 2167 1314 2238 Similis
1347 2184 1445 2238 est
1487 2169 1735 2253 ederae,
1771 2193 1806 2236 e
1842 2165 2084 2235 Cilicia
2125 2167 2422 2261 primum
2454 2169 2605 2261 qui-

503 2312 656 2380 dem
693 2280 990 2407 profecta
1012 2366 1032 2399 ‚
1071 2312 1186 2381 sed
1222 2314 1292 2380 in
1333 2313 1603 2387 Graecia
1632 2311 2086 2406 frequentior,
2126 2335 2330 2405 quam
2362 2325 2606 2378 vocant

503 2454 837 2526 smilacem
860 2509 881 2545 ,
923 2426 1146 2525 densis
1195 2454 1575 2551 geniculata
1628 2453 1932 2525 caulibus
1952 2508 1973 2545 ,
2023 2457 2309 2551 spinosis
2355 2455 2606 2525 frutec-

503 2616 649 2670 tosa
687 2602 923 2689 ramis,
965 2597 1131 2669 folio
1162 2598 1484 2669 ederaceo
1505 2651 1526 2688 ,
1564 2624 1776 2694 parvo
1799 2651 1821 2690 ‚
1859 2624 1999 2669 non
2031 2597 2390 2695 anguloso,
2423 2624 2462 2669 a
2486 2592 2612 2693 'pe-

503 2743 731 2814 diculo
762 2745 1111 2813 emittente
1136 2742 1491 2837 pampinos
1510 2795 1529 2830 ,
1565 2742 2078 2831 florecandido‚
2107 2741 2329 2813 olente
2363 2741 2605 2813 lilium.

500 2894 660 2959 F-ert
688 2867 990 2958 racemos
1023 2886 1344 2957 labruscae
1374 2887 1613 2973 modo,
1654 2913 1791 2956 non
1831 2887 2074 2977 ederae,
2100 2885 2327 2957 colore
2356 2888 2606 2976 rubro,

501 3033 849 3131 complexa
900 3035 1107 3104 acinis
1165 3033 1532 3135 majoribus
1582 3032 1877 3101 nucleos·
1907 3047 2172 3122 ternos,
2229 3034 2608 3103 minoribus

504 3179 839 3282 singulm,
898 3178 1127 3274 nigros
1178 3175 1566 3269 durosque:
1616 3175 1910 3245 infausta
1946 3157 2259 3245 omnibus
2284 3178 2496 3247 ’sacris
2538 3193 2606 3248 et

506 3324 823 3396 coronis:
865 3322 1187 3416 quoniam
1244 3320 1330 3389 sit
1378 3317 1723 3413 lugubris,
1772 3318 2031 3413 virgine
2075 3320 2222 3413 ejus
2267 3322 2562 3390 nominis
2588 3375 2608 3404 ,

505 3469 785 3563 propter
807 3489 1105 3535 amorem
1124 3464 1389 3557 juvenis
1413 3464 1650 3550 Croci,
1680 3478 1936 3531 mutata
1964 3464 2035 3531 in
2060 3464 2244 3532 hunc
2267 3463 2600 3534 fruticem.

503 3613 586 3680 Id
618 3609 863 3705 vulgus
905 3597 1224 3704 ignorans
1254 3659 1274 3695 ‚
1320 3604 1720 3701 plerumque
1754 3606 1921 3675 festa
1961 3631 2079 3675 sua
2115 3606 2359 3703 polluit
2383 3661 2403 3694 ,
2452 3609 2607 3678 ede·

505 3783 652 3827 ram
685 3751 1165 3824 existimando:
1201 3752 1371 3820 sicut
1413 3751 1484 3819 in
1518 3751 1766 3845 poetiS,
1800 3765 1915 3819 aut
1947 3751 2194 3821 Libero
2226 3767 2447 3847 patre,
2487 3769 2607 3822 aut

510 3867 763 3988 Sileno,
791 3898 938 3992 quis
965 3896 1243 3965 omnino
1273 3895 1482 3964 nescit
1509 3895 1753 3989 quihus
1779 3894 2230 3965 coronentur?
2253 3900 2311 3966 E
2335 3894 2606 3967 smilace

507 4043 680 4113 fiunt
714 4038 1048 4120 codicilli:
1086 4040 1572 4135 propriumque
1605 4040 1897 4124 materiae
1922 4054 2054 4129 est,
2088 4055 2163 4109 ut
2198 4038 2467 4109 admota
2496 4065 2611 4108 au-
