2941 4807
368 508 369 511 Ἰ
492 440 527 495 6
978 446 1043 501 C.
1082 446 1321 503 PLINII
1361 445 1558 503 HIST.
1601 442 1777 501 NAT.
1818 446 1960 501 LIB.
1985 444 2140 500 xvl.

835 709 1112 767 Miracula
1139 711 1202 766 in
1228 709 1665 785 septentrionali
1690 708 1927 784 regione
1958 709 2246 765 arborum.

586 932 674 999 II.
710 928 918 1002 Aliud
961 956 1001 1001 e
1046 929 1233 1005 silvis,
1285 928 1732 1001 miraculum:
1782 945 1998 1001 totam
2037 931 2365 1027 reliquam
2409 935 2582 1002 Ger-

486 1078 785 1148 maniam
815 1076 1080 1173 replent
1102 1133 1122 1165 ‚
1163 1077 1557 1173 adduntque
1593 1078 1834 1175 frigori
1872 1078 2146 1148 umbras
2182 1105 2200 1147 :
2242 1076 2583 1149 altissimae

491 1238 715 1293 tamen
736 1222 920 1292 haud
940 1221 1179 1319 procul
1212 1248 1414 1318 supra
1447 1223 1645 1294 dictis
1668 1223 1992 1312 ChauciS‚
2017 1224 2196 1295 circa
2220 1223 2388 1294 duos
2414 1251 2584 1321 prae-

490 1368 687 1463 cipue
722 1366 929 1437 lacus.
965 1369 1203 1443 Litora
1239 1367 1386 1462 ipsa
1419 1368 1733 1438 obtinent
1756 1393 2088 1463 quercuS‚
2125 1369 2418 1439 maxima
2446 1371 2585 1439 avi-

487 1511 699 1581 ditate
747 1511 1064 1580 nascendi
1102 1536 1120 1578 2
1189 1509 1615 1604 suffossaeque
1670 1510 1984 1581 fluctibus
2004 1562 2027 1598 ,
2076 1525 2194 1581 aut
2247 1512 2580 1608 propulsae

485 1653 755 1725 flatibus
776 1705 798 1744 2
852 1669 1073 1741 vastas
1107 1651 1476 1748 complexu*
1497 1653 1803 1726 radicum
1837 1654 2091 1727 insulas
2134 1680 2359 1727 secum
2396 1657 2582 1728 aufe-

486 1813 693 1868 runt:
719 1813 922 1897 atque
957 1799 1052 1868 ita
1088 1797 1347 1869 libratae
1382 1812 1638 1870 stantes
1675 1799 2031 1896 navigant,
2065 1801 2444 1898 ingentium
2475 1828 2578 1873 ra-

486 1968 756 2012 morum
818 1944 1250 2012 armamentis
1274 1995 1295 2032 ,
1354 1968 1528 2038 saepe
1596 1945 1850 2014 territis
1910 1944 2226 2017 classibus
2286 1948 2532 2017 nostris
2560 2000 2579 2033 ‚

487 2050 698 2182 quum
722 2084 909 2156 velut
933 2087 1265 2157 industria
1301 2087 1615 2161 fluctibus
1643 2104 2010 2185 agerentur
2038 2092 2109 2159 in
2139 2116 2378 2184 proras
2402 2105 2578 2162 stan-

487 2233 655 2303 tium
690 2246 926 2321 noctu,
954 2230 1318 2328 inopesque
1343 2230 1624 2302 remedii
1655 2229 1819 2322 illae,
1854 2230 2163 2328 proelium
2195 2232 2430 2304 navale
2456 2235 2577 2307 ad-

485 2401 713 2450 versus
749 2377 1020 2450 arbores
1059 2379 1330 2452 inirent.

589 2752 654 2796 2.
693 2730 774 2797 In
811 2726 1042 2798 eadem
1087 2727 1598 2823 septentrionali
1630 2728 1829 2825 plaga
1858 2729 2210 2825 Hercyniae
2246 2729 2430 2802 silvae
2461 2755 2575 2802 ro-

483 2874 726 2943 borum
756 2874 1028 2943 vastitas
1061 2872 1311 2943 intacta
1340 2873 1531 2961 aeviS,
1557 2887 1626 2941 et
1656 2873 2014 2967 congenita
2038 2872 2328 2961 mundo,
2360 2899 2575 2969 prope

484 3016 849 3088 immortali
876 3032 1053 3088 sorte
1080 3016 1401 3088 miracula
1423 3016 1703 3088 excedit.
1728 3018 1827 3088 Ut
1854 3016 1989 3088 alia
2012 3020 2415 3091 omittantur
2443 3019 2575 3088 fide

482 3164 814 3232 caritura:
844 3174 1108 3232 constat
1142 3158 1360 3232 attolli
1387 3160 1591 3234 colles
1622 3163 2120 3232 occursantium
2152 3163 2329 3232 inter
2355 3188 2426 3234 se
2467 3188 2574 3233 ra-

484 3306 707 3377 dicum
741 3330 1136 3402 repercussu
1170 3333 1188 3377 t
1228 3321 1346 3376 aut
1381 3307 1502 3375 ubi
1541 3305 2003 3411 secuta-tellus
2042 3331 2186 3378 non
2218 3310 2334 3397 sit,
2375 3333 2568 3379 arcus

480 3453 566 3522 ad
594 3475 812 3522 ramos
837 3476 1080 3546 usque,
1109 3466 1177 3520 et
1213 3452 1390 3545 ipsos
1428 3452 1605 3524 inter
1636 3476 1705 3522 se
1738 3453 2074 3541 rixantes,
2107 3456 2375 3525 curvari
2414 3481 2571 3551 por-

481 3610 718 3699 tarum·
741 3596 1114 3690 patentium
1159 3594 1363 3665 modo
1382 3649 1401 3682 ‚
1458 3610 1535 3665 ut
1572 3610 1828 3667 turmas
1872 3598 2174 3692 equitum
2225 3601 2570 3696 transmit·

485 3754 651 3811 tant.
