2941 4807
528 455 637 510 182
1011 458 1074 520 c.
1114 439 1576 518 PL1N11‘H18T.
1618 464 1795 519 NAT.
1834 461 1974 522 Lm.
2009 468 2175 523 xvl.
2225 509 2228 510 f

521 584 852 675 dolichos,
892 613 967 656 ac
999 589 1384 684 serpyllum.
1420 591 1733 664 Oleastro
1777 621 2045 690 quoque
2085 597 2410 692 deputato
2447 599 2632 692 quod

518 731 861 825 gignatur,
905 748 1151 801 vocant
1195 735 1522 829 phaunOS.
1569 740 1777 830 Quod
1812 766 1972 810 vero
2008 743 2077 810 in
2116 743 2310 836 spina
2346 740 2631 812 fullonia

519 876 1029 990 hippophaeston
1060 930 1079 965 ,
1121 871 1446 975 capitulis*
1472 884 1797 953 inanibus
1824 938 1843 975 ,
1886 885 2062 955 foliis
2093 883 2321 980 ⁸parvis
2343 865 2376 976 ,κ
2405 887 2632 957 radice

515 1019 706 1107 alba,
743 1024 937 1117 cujus
978 1049 1217 1094 succus
1265 1027 1353 1096 ad
1395 1027 1847 1100 detractiones
1901 1033 1971 1102 in
2023 1030 2343 1107 comitiali
2387 1032 2631 1105 morbo

517 1163 914 1241 utilissimus
951 1169 1259 1244 habetur.

824 1449 978 1505 Visci
1007 1449 1117 1505 tria
1144 1470 1370 1526 genera.
1411 1457 1500 1511 De
1530 1451 1755 1512 visciet
1785 1451 2313 1530 similiumtnatura.

609 1675 858 1744 XCIII.
900 1676 1083 1747 Visci
1126 1680 1255 1747 tria
1289 1704 1551 1773 genera.
1588 1682 1897 1776 Namque
1938 1683 2012 1750 in
2045 1682 2266 1750 abiete
2304 1705 2381 1749 ac
2416 1678 2625 1750 larice

513 1817 708 1890 stelin
745 1820 914 1891 dicit·
940 1825 1190 1893 Eubaea
1224 1829 1406 1895 nasci
1429 1879 1449 1913 ,
1490 1828 1790 1922 hyphear
1838 1828 2143 1898 Arcadia.
2179 1828 2458 1897 Viscum
2499 1852 2623 1895 au·-

512 1978 647 2035 t'em
689 1968 759 2034 in
796 1993 1078 2066 quercu,
1111 1972 1381 2057 robore,
1414 1997 1638 2067 pruno
1671 1971 1992 2060 silvestri,
2036 1971 2458 2057 terebintho,
2493 1996 2620 2040 nec

508 2109 655 2178 aliis
680 2113 1030 2183 arboribus
1060 2114 1357 2199 adnasci,
1380 2114 1703 2210 plerique.
1727 2116 2289 2209 Copiosissimum
2317 2116 2389 2182 in
2418 2139 2621 2209 quer-

511 2278 596 2322 cu
618 2305 637 2341 ,
660 2253 843 2346 quod
874 2254 1071 2352 dryos
1091 2258 1393 2352 hyphear
1420 2273 1682 2328 vocant.
1708 2262 1791 2326 In
1819 2259 2006 2328 omni
2027 2258 2268 2328 arbore
2290 2311 2310 2345 ,
2337 2272 2620 2352 excepta

511 2396 660 2471 ilice
695 2415 761 2469 et
799 2426 1089 2495 quercu,
1122 2402 1569 2473 differentiam
1600 2402 1760 2472 facit
1794 2402 2323 2497 odor'virusque
2348 2456 2367 2489 ,
2406 2418 2475 2472 et
2515 2401 2619 2473 fo-

510 2542 677 2612 lium
715 2571 850 2614 non
882 2547 1164 2640 jucundi
1203 2546 1428 2617 odoris
1451 2601 1470 2636 ,
1502 2562 1791 2642 utroque
1832 2550 2001 2619 visci
2036 2573 2273 2618 amaro
2311 2563 2377 2616 et
2406 2546 2617 2616 lento.

511 2690 827 2784 Hyphear
853 2690 937 2759 ad
971 2693 1336 2786 saginanda
1366 2718 1610 2787 pecora
1642 2693 1896 2763 utilius,
1923 2695 2109 2764 Vitia
2147 2692 2348 2763 modo
2373 2706 2625 2788 purgat

509 2836 768 2929 primo:
803 2836 960 2905 dein
997 2837 1436 2932 pinguefacit,
1458 2865 1619 2932 ,quae
1646 2838 1967 2909 suffecere
1996 2839 2414 2934 purgationi.
2444 2839 2621 2927 Qui-

511 2978 637 3048 bus
675 2980 760 3048 sit
801 2978 1025 3075 aliqua
1061 2982 1244 3054 tabes
1287 2984 1510 3073 iutuS,
1554 2998 1804 3079 negant
1846 2982 2116 3052 durare.
2160 2987 2263 3052 Ea
2308 2981 2623 3051 medendi

515 3118 720 3201 rati0‚
756 3120 1000 3193 aestatis
1034 3119 1478 3215 quadragenis
1517 3120 1773 3190 diebus.
1819 3121 2171 3215 Adjiciunt
2220 3119 2618 3207 discrimen,

511 3258 695 3325 visco
728 3259 797 3325 in
827 3257 932 3326 his
964 3283 1113 3352 quae
1150 3257 1310 3327 folia
1344 3256 1690 3348 amittant,
1730 3273 1796 3327 et
1828 3260 1957 3354 ipsi
1991 3257 2302 3328 decidere
2331 3283 2348 3325 ε
2385 3272 2623 3326 contra

513 3396 836 3465 inhaerere
878 3412 1038 3466 nato
1081 3399 1151 3465 in
1197 3410 1442 3466 aeterna
1470 3397 1740 3503 fronde.
1782 3399 2087 3468 Omnino
2132 3398 2356 3465 autem
2399 3410 2622 3465 satum

512 3532 699 3602 nullo
739 3535 941 3605 modo
979 3537 1306 3623 nascitur,
1348 3560 1472 3603 nec
1520 3536 1647 3603 nisi
1691 3559 1809 3630 per
1850 3532 2078 3607 alvum
2118 3535 2352 3605 avium
2390 3533 2621 3602 reddi-

512 3688 701 3760 tum,
741 3674 1024 3744 maxime
1058 3672 1393 3768 palumbis
1435 3698 1515 3742 ac
1547 3672 1787 3741 turdis,
1835 3676 1993 3747 Haec
2036 3687 2136 3742 est
2190 3686 2432 3743 natura
2461 3724 2482 3760 ,
2545 3687 2621 3740 ut

513 3815 643 3883 nisi
688 3828 1099 3883 maturatum
1138 3814 1207 3882 in
1254 3802 1487 3881 ventre
1533 3813 1798 3900 avium,
1851 3836 1989 3880 non
2031 3811 2403 3907 proveniat.
2447 3808 2622 3879 Alti-

516 3951 683 4027 tudo
713 3956 853 4046 ejus
890 3977 1026 4020 non
1068 3951 1331 4021 excedit
1361 3951 1722 4020 cubitalem
1746 4004 1765 4038 ,
1813 3975 2079 4045 semper
2139 3950 2484 4019 frutectosi
2540 3975 2619 4018 ac

515 4088 765 4163 viridis,
807 4091 954 4159 Mas
988 4085 1253 4175 fertilis,
1288 4087 1536 4156 femina
1578 4086 1836 4157 sterilis.
1872 4086 2254 4181 Aliquando
2290 4113 2425 4157 non
2465 4087 2615 4156 fert.
