2941 4807
482 423 555 486 74
959 414 1019 471 C.
1062 417 1301 473 PLINII
1342 417 1537 475 HIST.
1581 421 1747 477 NAT.
1788 423 1928 477 LIB.
1958 423 2120 480 XVI.

479 550 773 607 reseunt.
797 539 939 608 Nec
966 539 1264 634 juniperi
1287 539 1554 611 florent.
1585 543 1881 632 Quidam
1906 570 2133 616 earum
2164 548 2302 617 duo
2329 576 2574 646 genera

483 679 761 750 tradunt
794 706 810 748 ε
849 679 1126 751 alteram
1161 683 1430 772 florere,
1465 711 1592 756 nee
1627 687 1802 758 ferre
1829 715 1846 757 ε
1889 715 2039 784 quae
2072 717 2233 762 vero
2269 720 2405 764 non
2448 697 2573 765 sso-

479 842 656 914 reat,
681 825 854 894 ferre
882 828 1191 921 protinus
1225 828 1446 899 baccis
1472 834 1934 924 nascentibus,
1962 861 2114 929 quae
2132 837 2405 909 biennio
2438 843 2575 910 hae-

484 985 697 1040 reant.
726 970 856 1040 Sed
885 971 955 1040 id
978 971 1216 1042 falsum
1245 975 1735 1071 :omnibusque
1763 980 1845 1047 iis
1869 979 2038 1049 dura
2063 982 2266 1052 facies
2288 1009 2572 1082 semper.

481 1116 604 1185 Sic·
624 1131 690 1186 et
719 1116 1070 1187 hominum
1104 1117 1336 1189 multis
1367 1119 1641 1192 fortuna
1677 1125 1822 1193 sine
1856 1124 2022 1195 flore
2058 1141 2178 1197 est.

700 1794 789 1848 De
817 1806 1093 1870 conceptu
1124 1798 1410 1853 arborum.
1448 1803 1532 1855 De
1572 1800 2025 1874 germinatione:
2067 1801 2138 1855 de
2169 1811 2354 1874 partu.

577 2017 755 2082 XLI.
808 2018 1065 2085 Omnes
1099 2033 1321 2088 autem
1379 2021 1799 2115 germinant,
1842 2023 2042 2090 etiam
2095 2022 2213 2115 qui
2269 2045 2404 2089 non
2453 2018 2572 2086 flo-

477 2172 667 2243 rent,
706 2185 949 2255 magna
1000 2176 1065 2230 et
1103 2160 1405 2233 locorum
1452 2166 1849 2237 differentia.
1894 2167 2167 2261 Quippe
2216 2191 2423 2259 quum
2487 2189 2566 2232 ex

476 2302 710 2373 eodem
741 2330 984 2401 genere
1029 2333 1179 2401 quae
1227 2326 1380 2380 sunt
1422 2313 1494 2378 in
1555 2311 1964 2408 palustribus
1991 2365 2010 2398 ,
2053 2312 2283 2407 priora
2320 2311 2570 2407 germi-

473 2465 684 2519 nent:
736 2478 890 2522 mox
939 2456 1379 2547 campestria,
1424 2458 1783 2527 novissima
1819 2458 1888 2525 in
1929 2454 2129 2526 silvis,
2173 2460 2301 2526 Per
2335 2480 2403 2525 se
2447 2481 2566 2524 au-

472 2607 609 2662 tem
642 2594 894 2664 tardius
929 2596 1059 2690 piri
1098 2596 1473 2684 silvestreS‚
1499 2625 1701 2694 quam
1734 2616 1974 2671 cetera.
2004 2601 2231 2668 Primo
2264 2600 2569 2667 Favonio

471 2757 758 2826 cornus,
813 2740 1113 2831 proxime
1165 2739 1436 2830 lauruS,
1488 2742 1826 2838 pauloque
1875 2758 2030 2813 ante
2084 2744 2566 2837 aequinoctium

473 2880 615 2950 tilia
640 2933 659 2971 ,
704 2906 872 2951 acer.
918 2887 1105 2952 Inter
1143 2886 1394 2979 primas
1452 2912 1614 2956 vero
1657 2886 1991 2983 populus,
2045 2886 2307 2976 ulmuS,
2349 2885 2513 2955 salix
2545 2937 2568 2972 ,

470 3024 694 3113 alnus,
727 3053 950 3097 nuceS.
982 3032 1279 3099 Festinat
1305 3046 1370 3099 et
1399 3031 1733 3127 platanus.
1758 3034 2012 3100 Ceterae
2040 3056 2194 3100 vere
2222 3045 2523 3125 coepturo
2544 3084 2566 3118 ,

465 3170 902 3270 aquifolium,
947 3175 1367 3243 terebinthus
1396 3228 1414 3263 ,
1459 3176 1808 3270 paliuruS,
1857 3189 2168 3245 castanea
2197 3227 2218 3262 ,
2262 3173 2558 3270 glandes,

472 3319 782 3387 Serotino
815 3333 1039 3388 autem
1081 3321 1379 3413 germine
1418 3318 1635 3389 malus
1657 3372 1675 3407 ,
1721 3319 2097 3388 tardissimo
2135 3320 2351 3388 suber.
2395 3319 2563 3407 Qui-

462 3460 746 3530 busdam
786 3464 1161 3557 geminatur
1196 3463 1629 3556 germinatio,
1667 3464 1875 3533 nimia
1910 3463 2030 3532 soli
2074 3464 2409 3551 ubertate,
2444 3476 2564 3531 aut

469 3607 813 3676 invitantis
849 3607 988 3677 caeli
1017 3606 1397 3704 voluptate:
1430 3608 1613 3703 quod
1650 3612 1863 3704 magis
1897 3613 1965 3678 in
2006 3610 2229 3679 herbis
2262 3622 2557 3702 segetum

465 3755 709 3822 evenit.
755 3756 836 3822 In
875 3754 1237 3824 arboribus
1267 3770 1489 3825 tamen
1532 3757 1737 3825 nimia
1769 3758 2165 3852 germinatio
2203 3755 2557 3825 elassescit.
