2941 4807
541 391 661 463 338
1007 397 1070 453 C.
1114 399 1349 455 PLINII
1391 400 1588 456 HIST.
1633 401 1809 458 NAT.
1853 403 1994 458 ΠΒ.
2022 402 2205 458 xvn.

540 543 664 587 sua
696 534 815 591 est.
857 521 1452 595 Nobilissimarum
1487 528 1790 621 gentium
1826 528 2026 596 ambo
2046 579 2063 613 ,
2120 530 2399 598 Crassus
2446 537 2648 616 atque

540 665 879 735 Domitius
898 717 918 757 ,
946 690 1296 738 censuram
1329 683 1485 765 post
1510 669 1903 742 consulatus
1934 669 2130 741 simul
2157 694 2441 766 gessere,
2467 692 2650 738 anno

539 810 825 880 conditae
858 813 1065 882 Urbis
1104 836 1369 900 ncnxu,
1406 815 1821 910 frequentem
1867 818 2109 912 jurgiis
2144 830 2419 911 propter
2453 813 2647 883 dissi-

542 955 1315 1047 militudinemqmorum.
1358 964 1536 1030 Tum
1574 966 1701 1033 Cn.
1737 963 2121 1047 DomitiuS‚
2161 975 2235 1030 ut
2268 974 2410 1029 erat
2446 960 2648 1028 vehe-

538 1123 729 1168 mens
763 1116 1005 1170 natura
1031 1156 1050 1187 ‚
1092 1118 1417 1196 praeterea
1453 1130 1774 1175 accensus
1807 1107 1965 1176 odio
1986 1156 2006 1195 ‚
2039 1104 2220 1200 quod
2256 1129 2337 1173 ex
2368 1101 2645 1172 aemula·

535 1244 721 1313 tione
747 1243 1212 1315 avidissimum
1247 1263 1383 1331 est,
1404 1250 1699 1344 graviter
1728 1250 2063 1344 increpuit
2091 1248 2260 1318 tanti
2289 1272 2640 1316 censorem

532 1387 877 1473 habitare,
935 1415 1059 1485 pro
1092 1391 1296 1463 domo
1329 1393 1479 1487 ejus
1512 1394 1895 1464 sestertium
1932 1396 2229 1489 sexagies
2269 1392 2640 1463 identidem

533 1533 954 1626 promittens.
1000 1539 1086 1604 Et
1122 1537 1406 1606 Crassus
1429 1587 1450 1624 ,
1493 1553 1570 1606 ut
1598 1560 1894 1631 praesens
1933 1538 2206 1634 ingenio
2245 1561 2534 1631 semper,
2574 1551 2642 1605 et

531 1671 751 1744 faceto
787 1644 1013 1770 lepore
1062 1675 1269 1746 solers
1294 1730 1315 1767 ,
1355 1706 1393 1744 <c
1419 1678 1730 1749 addicere
1778 1686 1848 1749 se
1898 1661 2247 1775 respondit
2265 1730 2286 1768 ,
2338 1680 2640 1774 exceptis

527 1841 643 1886 sex
683 1817 1057 1888 arboribus,
1085 1850 1121 1886 ι)
1161 1825 1261 1891 Ac
1303 1845 1391 1890 ne
1425 1845 1568 1891 uno
1606 1823 1880 1917 quidem
1919 1822 2239 1912 denario,
2280 1823 2336 1891 si
2375 1822 2638 1892 adime-

531 1977 768 2031 rentur
788 2013 809 2051 ,
855 1977 1149 2059 emptam
1183 1963 1450 2036 volente
1477 1968 1781 2037 Domitio
1810 2020 1830 2056 ‚
1875 1971 2194 2039 Crassus:
2229 1998 2264 2034 α
2291 1969 2635 2038 Utrumne

528 2106 745 2202 igitur
780 2131 906 2202 ego
945 2133 1095 2178 sum
1126 2161 1146 2195 ‚
1179 2111 1402 2205 inquit
1423 2165 1442 2195 ‚
1481 2136 1710 2205 quaeso
1736 2163 1755 2199 ,
1795 2112 2095 2201 Domiti,
2128 2110 2432 2207 exemplo
2477 2138 2636 2207 gra-

527 2253 652 2340 vis,
675 2266 748 2320 et
777 2251 864 2322 ab
895 2252 1042 2348 ipsa
1070 2276 1215 2323 mea
1248 2278 1539 2325 censura
1571 2254 1937 2344 notandus,
1964 2256 2082 2351 qui
2119 2256 2189 2325 in
2222 2255 2453 2345 domo,
2480 2281 2635 2350 quae

526 2394 690 2466 milii
738 2396 1110 2468 hereditate
1156 2398 1433 2469 obvenit
1453 2452 1474 2488 ‚
1522 2401 1804 2470 comiter
1844 2399 2187 2470 habitem:
2223 2426 2310 2469 an
2344 2414 2420 2469 tu
2446 2451 2467 2489 ,
2507 2401 2629 2495 qui

523 2544 830 2612 sestertio
868 2545 1165 2639 sexagies
1203 2569 1317 2613 sex
1347 2546 1626 2618 arbores
1666 2543 1999 2615 aestimes?
2030 2575 2064 2610 »
2093 2547 2208 2615 Eae
2238 2542 2423 2612 fuere
2458 2539 2628 2630 loti,

523 2685 758 2780 patula
792 2712 1138 2757 ramorum
1174 2690 1512 2785 opacitate
1559 2688 1818 2764 lascivae
1842 2743 1862 2777 ,
1898 2689 2166 2762 Caecina
2202 2691 2426 2783 Largo
2462 2711 2627 2783 pro-

521 2827 791 2900 ceribus
818 2829 1056 2902 crebro
1090 2829 1159 2902 in
1178 2830 1459 2925 juventa
1491 2846 1722 2904 nostra
1754 2853 1871 2902 eas
1906 2831 1978 2902 in
2013 2830 2218 2904 domo
2250 2853 2377 2900 sua
2401 2844 2628 2902 osten-

524 2986 732 3044 tante,
783 2977 1365 3070 Duraveruntque
1381 3027 1402 3065 ,
1451 2978 1774 3070 quoniam
1810 2991 1879 3046 et
1917 2976 2000 3047 de
2033 2975 2427 3073 longissimo
2476 3000 2625 3046 aevo

519 3118 843 3189 arborum
870 3118 1157 3189 diximus
1180 3172 1201 3210 ,
1234 3118 1320 3189 ad
1345 3120 1633 3192 Neronis
1665 3122 1985 3216 principis
2016 3120 2345 3210 incendia,
2377 3123 2625 3216 quibus

520 3264 845 3333 cremavit
872 3264 1132 3335 Urbem
1155 3317 1176 3355 ,
1214 3265 1410 3334 annis
1449 3289 1688 3336 cnxxx.
1728 3269 1967 3335 Postea
2005 3264 2191 3336 cultu
2230 3266 2476 3336 virides
2509 3268 2623 3363 ju-

521 3430 854 3506 venesque
873 3460 894 3499 ,
929 3411 999 3478 ni
1038 3409 1351 3510 princeps
1397 3409 1511 3478 ille
1561 3409 2002 3484 adcelerasset
2053 3411 2254 3484 etiam
2293 3412 2620 3514 arborum

521 3567 842 3624 mortem„
940 3630 949 3641 ‚
