2941 4807
540 410 653 472 28²
1156 414 1403 473 NOTES
1441 416 1552 472 DU
1592 416 1822 473 LIVRE
1861 417 2018 474 XVI.

539 527 821 610 quelques
840 526 1156 590 moder-nes
1174 551 1328 606 pour
1347 529 1433 590 les
1456 528 1611 591 etres
1633 532 1664 589 a
1683 529 2073 614 organisation
2098 527 2327 605 simple,
2350 539 2496 605 peut
2518 528 2635 591 ἐπε

535 627 886 689 combattue.
918 630 1083 689 Tout
1124 633 1479 690 recemment
1507 650 1720 691 encore
1760 651 1839 691 on
1882 652 1915 690 a
1943 629 2128 692 voulu
2165 650 2422 707 prouver
2458 631 2558 711 qu'
2562 653 2638 691 un

541 726 726 788 meme
742 747 939 810 germe
960 726 1222 804 pouvait‚
1247 726 1386 788 dans
1404 727 1651 790 certains
1674 749 1790 804 cas,
1811 728 2039 790 donner
2054 727 2155 790 des
2173 729 2326 790 eires
2344 725 2634 801 differens,

540 823 763 885 suivant
791 823 847 884 le
885 822 1082 884 milieu
1106 844 1221 905 que
1249 823 1463 884 choisit
1491 824 1544 884 la
1570 836 1776 884 nature
1804 845 1958 902 pour
1993 825 2052 886 le
2080 824 2467 902 developper3
2497 825 2637 885 mais

540 935 694 984 cette
725 922 972 1000 opinion
1007 943 1125 1004 que
1151 922 1437 1001 plusieurs
1465 924 1829 985 natur-distes
1857 927 2153 1007 etrangers
2183 935 2294 985 out
2330 923 2579 984 cher-che
2606 927 2637 983 a

537 1034 747 1083 mettre
770 1044 844 1084 en
885 1022 1069 1083 credit
1097 1043 1252 1100 pour
1286 1022 1374 1084 les
1399 1044 1659 1109 agarna,
1694 1035 1785 1084 est
1818 1021 1945 1083 loin
1973 1023 2159 1086 d’etre
2193 1027 2472 1100 prouvee.
2495 1023 2638 1083 Vir·

542 1120 658 1204 gile
680 1120 1016 1198 prosensit,
1044 1143 1117 1182 au
1144 1122 1297 1205 sujet
1315 1121 1463 1183 dela
1494 1120 1918 1200 reproduction
1954 1121 2056 1183 des
2080 1121 2235 1182 &tres
2251 1166 2270 1196 ‚
2312 1118 2399 1182 les
2426 1120 2638 1183 memes

541 1220 701 1281 idees
722 1241 836 1301 que
860 1219 1024 1281 Pline
1045 1264 1064 1296 ‚
1092 1221 1315 1282 temoiu
1337 1241 1404 1282 ce
1430 1219 1577 1282 beau
1599 1241 1834 1302 passage
1863 1219 1963 1281 des
2005 1222 2331 1298 Georgiques
2348 1244 2368 1279 .-

731 1363 1002 1434 Prinoipio
1018 1404 1034 1428 ‚
1061 1363 1335 1418 arboribus
1360 1367 1498 1418 varia
1528 1379 1608 1419 est
1631 1378 1811 1418 natura
1836 1364 2067 1417 creandis
2088 1385 2100 1415 ε

738 1455 979 1526 Namque
1003 1455 1144 1519 aliae,
1170 1455 1327 1509 nullis
1351 1454 1620 1509 hominum
1646 1454 1957 1526 cogentibus
1973 1493 1989 1518 ,
2014 1455 2138 1523 ipsae

736 1541 939 1612 Sponte
960 1562 1049 1596 sua
1069 1546 1287 1598 veniunt
1306 1582 1320 1606 ‚
1343 1562 1658 1617 camposque
1677 1557 1731 1597 et
1753 1545 1969 1618 flu·mina
1988 1544 2094 1597 late

737 1633 913 1687 Curva
942 1646 1121 1687 tenent
1141 1638 1153 1684 ἐ
1181 1648 1239 1686 ut
1262 1635 1418 1686 molle
1443 1634 1580 1697 siler,
1608 1635 1860 1702 lentoeque
1885 1645 2105 1703 genestoe
2125 1672 2140 1694 ,

737 1721 971 1791 Populus
987 1762 1001 1786 ,
1034 1735 1087 1774 et
1108 1723 1291 1794 glauca
1322 1723 1561 1775 canentia
1584 1719 1772 1773 fronde
1796 1721 1998 1773 salicta.

739 1811 865 1862 Pars
891 1822 1063 1863 autem
1089 1812 1266 1882 posito
1295 1825 1511 1882 surgunt
1530 1810 1598 1862 de
1623 1810 1851 1862 semine:
1881 1822 1940 1860 ut
1964 1809 2081 1860 altae

736 1901 1001 1956 Castanea
1022 1940 1036 1964 ,
1061 1920 1434 1971 nemorumque
1456 1902 1581 1961 Jovi
1606 1919 1722 1971 quo
1751 1899 1976 1952 maxima
1996 1898 2206 1953 frondet

741 1987 1018 2050 AEsculus‚
1047 2002 1203 2060 atque
1229 1988 1419 2042 habitae
1441 1987 1614 2041 Graiis
1643 1989 1852 2041 oracula
1878 2006 2118 2057 quercus.

737 2076 966 2129 Pullulat
991 2076 1059 2130 ab
1081 2075 1253 2131 radice
1279 2078 1392 2131 aliis
1415 2077 1717 2130 densissima
1738 2077 1904 2130 silva:

734 2165 812 2221 Ut
835 2168 1024 2220 cerasis
1053 2168 1344 2240 ulmisque;
1375 2167 1530 2218 etiam
1552 2166 1818 2219 Parnassia
1846 2166 2020 2219 laurus

735 2255 900 2308 Parva
928 2256 1024 2309 sub
1049 2258 1245 2326 ingenti
1268 2259 1451 2309 matris
1477 2275 1532 2308 se
1557 2255 1773 2326 subjicit
1797 2254 2007 2307 umbra.

729 2344 840 2397 Hos
862 2358 1046 2397 natura
1071 2346 1252 2398 modos
1277 2346 1504 2418 primum
1528 2343 1678 2398 dedit
1699 2366 1712 2414 ς
1744 2344 1822 2396 bis
1848 2361 2010 2417 genus
2039 2360 2193 2395 omne

735 2432 996 2489 Silvarum
1018 2437 1366 2506 fruticumque
1392 2436 1529 2488 viret
1556 2451 1929 2503 nemorumque
1958 2450 2241 2486 sacrorum.

1921 2524 2140 2594 Geor-g„
2166 2538 2240 2585 11,
2270 2538 2321 2589 9.

627 2671 1028 2760 288.-Page
1055 2697 1196 2750 102,
1220 2675 1377 2758 ligne
1402 2696 1501 2738 21.
1523 2674 1780 2753 Namque
1801 2696 1911 2736 non
1938 2673 2126 2735 omnia
2152 2676 2210 2733 in
2237 2672 2487 2732 omnibus
2506 2673 2643 2734 loa's

541 2774 716 2860 nasa'·
732 2773 1041 2846 donimus,
1073 2796 1167 2837 nec
1197 2776 1475 2838 translata
1498 2776 1690 2837 vivere.
1729 2772 1897 2834 Pline
1929 2770 2149 2833 semble
2175 2770 2439 2849 rappeler
2466 2771 2545 2832 ici
2576 2792 2640 2831 ce

542 2893 774 2957 passage
803 2873 903 2935 des
939 2872 1298 2952 Georgiques:

738 3029 851 3083 Nec
876 3049 1002 3083 vero
1024 3043 1172 3082 terrai
1199 3030 1332 3083 ferre
1358 3048 1535 3083 omnes
1562 3030 1734 3083 omnia
1762 3044 2003 3100 possunt.

736 3120 1059 3174 Fluminibus
1084 3121 1291 3184 salices,
1321 3121 1606 3192 crassisque
1632 3118 1913 3189 paludibus
1935 3120 2037 3172 alni
2053 3158 2068 3184 ,

733 3210 1031 3263 Nascuntur
1045 3248 1063 3277 ,
1090 3210 1288 3262 steriles
1309 3210 1505 3262 saxosis
1526 3207 1791 3262 montibus
1818 3210 1964 3275 orni3

733 3299 936 3353 Littora
963 3301 1203 3367 myrtetis
1228 3300 1490 3353 lautissima
1511 3319 1526 3368 ;
1555 3299 1778 3370 denique
1799 3313 2006 3368 apertos

739 3388 972 3442 Bacchus
992 3404 1131 3442 amat
1152 3390 1345 3455 colles,
1372 3391 1667 3460 aquilonem
1694 3403 1748 3442 et
1764 3391 1961 3459 frigora
1988 3390 2113 3441 taxi.

801 3477 1034 3548 Adspice
1063 3493 1117 3533 et
1138 3481 1383 3533 extremis
1408 3479 1667 3534 domitum
1691 3479 1984 3533 cultoribus
2008 3477 2189 3533 orbem
2210 3519 2222 3541 ,

735 3568 973 3640 ansque
998 3570 1182 3624 domos
1200 3570 1439 3623 Arabum
1452 3609 1470 3635 ,
1497 3572 1772 3642 pictosque
1791 3568 2045 3624 Gelonos.

733 3656 927 3711 Divisae
954 3659 1230 3712 arboribus
1256 3660 1433 3730 patriae
1457 3677 1473 3711 t
1498 3661 1609 3713 sola
1626 3659 1776 3713 India
1799 3660 2004 3731 nigrum

738 3750 860 3801 Fert
883 3748 1107 3801 ebenum
1126 3769 1141 3816 ς
1173 3750 1294 3803 solis
1316 3763 1394 3802 est
1420 3749 1603 3802 thurea
1624 3751 1771 3819 virga
1795 3747 2006 3802 Sabaeis.

740 3837 884 3909 Quid
912 3835 1010 3889 tibi
1036 3836 1254 3891 odorato
1281 3839 1500 3891 referam
1525 3836 1758 3890 sudantia
1785 3838 1928 3908 ligno

741 3929 1076 3998 Balsamaque
1092 3968 1107 3992 ,
1131 3940 1184 3980 et
1208 3926 1394 3979 baccas
1418 3945 1618 3997 semper
1648 3924 1935 3980 frondentis
1959 3925 2164 3979 acanthi
2199 3926 2223 3977 ἲ

736 4017 881 4088 Quid
902 4034 1110 4070 nemora
1129 4014 1446 4088 AEthiopum
1468 4056 1485 4080 ‚
1513 4017 1659 4070 molli
1681 4019 1913 4069 canentia
1938 4017 2055 4070 lana
2078 4015 2104 4068 ?

739 4106 1046 4178 velleraque
1070 4121 1130 4160 ut
1154 4108 1293 4161 soliis
1317 4106 1596 4177 depectant
1623 4108 1798 4160 tenuia
1823 4107 1976 4161 Seres
1990 4104 2019 4157 ἶ
