2941 4807
570 371 682 445 372
1042 379 1107 435 c.
1147 379 1380 438 rmm
1417 382 1608 456 mss.
1651 379 1824 442 MT.
1865 388 2006 445 un.
2036 391 2222 448 xvn.

1458 1042 1547 1098 De
1584 1038 1740 1098 fimo.

654 1267 772 1336 VI.
813 1266 985 1335 Fimi
1034 1264 1257 1360 plures
1309 1264 1752 1334 differentiae:
1804 1267 1948 1361 ipsa
1993 1290 2100 1336 res
2155 1267 2450 1361 antiqua.
2507 1271 2661 1336 Jam

557 1410 736 1507 apud
758 1414 1125 1479 Homerum
1151 1411 1378 1506 regius
1404 1435 1603 1479 senex
1633 1435 1871 1505 agrum
1911 1411 2001 1484 ita
2034 1413 2171 1480 suis
2210 1414 2520 1481 manibus
2548 1410 2661 1480 lae-

553 1554 812 1624 tificans
872 1556 1228 1648 reperitur.
1284 1557 1548 1649 Augeas
1600 1578 1718 1621 rex
1785 1554 1854 1621 in
1919 1556 2180 1639 Graecia
2242 1558 2660 1651 excogitasse

552 1699 886 1770 traditur:
931 1697 1304 1793 divulgasse
1354 1722 1516 1766 vero
1551 1695 1871 1767 Hercules
1914 1700 1981 1767 in
2020 1698 2269 1792 Italia2
2308 1726 2458 1795 quae
2509 1704 2657 1798 regi

551 1870 676 1914 suo
723 1847 1031 1915 Stercuto
1080 1843 1294 1911 Fauni
1323 1841 1490 1910 >filio
1534 1843 1621 1911 ob
1662 1842 1792 1912 hoc
1847 1844 2196 1914 inventum
2245 1846 2655 1915 immortali-

549 2003 755 2057 tatem
791 1987 1044 2055 tribuit.
1087 1989 1185 2055 M.
1207 1989 1424 2055 Varro
1461 1986 1910 2080 principatum
1942 1985 2057 2055 dat
2089 1987 2445 2057 turdorum
2487 1990 2653 2059 fimo

548 2161 627 2203 ex
660 2130 963 2202 aviariis:
991 2130 1173 2225 quod
1207 2133 1407 2202 etiam
1441 2129 1690 2226 pabulo
1726 2131 1936 2200 boum
1975 2133 2306 2227 suumque
2340 2135 2655 2229 magnifi-

547 2291 695 2347 cat:
733 2301 951 2371 neque
985 2276 1116 2345 alio
1164 2277 1315 2345 cibo
1354 2274 1632 2346 celerius
1668 2279 2106 2372 pinguescere
2143 2274 2509 2348 adseverat.
2537 2283 2650 2349 De

548 2425 790 2494 nostris
832 2422 1132 2492 moribus
1184 2424 1350 2492 bene
1400 2444 1666 2516 sperare
1700 2437 1800 2491 est
1822 2475 1841 2511 ,
1896 2423 1950 2491 si
1998 2435 2183 2492 tanta
2211 2423 2394 2518 apud
2428 2425 2650 2518 majo-

545 2595 649 2639 res
690 2568 875 2637 fuere
918 2568 1207 2654 aviaria,
1245 2583 1321 2636 ut
1352 2591 1433 2636 ex
1473 2568 1578 2635 his
1626 2568 1768 2662 agri
1810 2582 2365 2638 stercorarentur.
2403 2571 2649 2638 Proxi-

545 2736 730 2782 mum
766 2708 1141 2821 Columella
1175 2707 1646 2798 columbariis,
1676 2735 1838 2780 mox
1878 2708 2244 2806 gallinariis
2284 2711 2488 2800 facit,
2529 2739 2650 2784 na-

546 2859 833 2926 tantium
869 2814 1102 2925 alitum
1146 2855 1485 2975 damnato.
1525 2846 1750 2924 Ceteri
1804 2870 2109 2925 auctores
2151 2879 2480 2925 consensu
2522 2858 2650 2927 hu-

543 3028 774 3072 manas
808 2995 1009 3096 dapes
1044 3000 1129 3070 ad
1156 3000 1326 3069 hoc
1309 3026 1378 3068 m
1417 2968 1653 3095 primis
1681 2998 2034 3121 advocant.
2062 2986 2193 3069 Al'ii
2223 3025 2306 3069 ex
2336 2999 2440 3069 his
2466 3026 2646 3096 prae-

539 3149 766 3219 ferunt
818 3149 1171 3217 hominum
1226 3161 1476 3241 potuS,
1533 3170 1604 3239 in
1653 3144 2095 3214 coriariorum
2152 3145 2438 3215 officinis
2498 3148 2644 3242 pilo

536 3292 933 3363 madefacto.
958 3291 1091 3362 Alii
1120 3316 1243 3385 per
1270 3297 1440 3374 sese,
1480 3315 1653 3383 aqua
1688 3292 1956 3381 iterum,
1990 3290 2383 3387 largiusque
2401 3296 2640 3382 etiam,

544 3444 745 3532 quam
781 3462 989 3531 quum
1021 3436 1304 3523 bibitur,
1341 3434 1658 3504 admixta.
1682 3424 1956 3529 Quippe
1986 3432 2140 3530 plus
2169 3437 2308 3530 jam
2347 3439 2442 3507 ibi
2477 3439 2641 3509 mali

542 3582 950 3653 domandum
985 3566 1122 3669 est,
1178 3575 1388 3673 quum
1429 3578 1515 3647 ad
1556 3580 1741 3647 virus
1784 3576 1953 3647 illud
1997 3580 2144 3649 vini=
2171 3581 2377 3651 homo
2415 3608 2644 3655 acces-

541 3723 719 3799 serit.
758 3733 914 3796 Haec
946 3741 1104 3794 sunt
1150 3725 1547 3811 certamina,
1588 3724 1832 3818 quibus
1872 3725 2157 3793 invicem
2194 3701 2279 3794 acl
2321 3725 2638 3799 tellurem

540 3898 809 3970 quoque
860 3870 1165 3942 alendam
1202 3885 1487 3938 utuntur
1535 3868 1862 3937 homines.
1924 3870 2232 3938 Proxime
2280 3875 2636 3964 spurcitias

538 4042 736 4090 suum
772 4013 1069 4084 laudant.
1114 4007 1490 4082 Columella
1534 4008 1713 4079 solus
1751 4007 2041 4080 damnat.
2081 4009 2216 4081 Alii
2248 4013 2635 4105 cujuscum-
