2941 4807
473 412 550 466 60
975 416 1038 472 C.
1082 419 1324 476 PLINII
1365 420 1556 478 HIST.
1601 426 1765 482 NAT.
1812 429 1949 484 LIB.
1978 431 2135 488 XVI.

479 541 858 610 communia
891 558 1049 613 sunt
1089 547 1430 617 montibus
1474 549 1854 647 planisque,
1894 559 2151 652 majora
2193 559 2365 631 fiunt
2391 615 2409 649 ,
2465 590 2568 634 as-

479 703 809 783 pectuque
846 689 1183 785 pulcriora
1222 695 1293 763 in
1337 701 1822 792 campestribus
1859 729 1874 772 t
1927 705 2203 777 meliora
2240 714 2517 780 materie
2543 767 2560 801 ,

472 835 927 931 crispioraque
966 838 1036 907 in
1072 843 1413 912 montibus
1447 870 1462 911 τ
1503 849 1791 941 exceptis
1830 848 2058 941 maliS‚
2101 855 2421 949 pirisque.

1248 1549 1470 1607 Divisio
1508 1568 1799 1625 generum.

571 1758 859 1837 ΧΧΧΠ.Ι
909 1794 1013 1866 19.
1055 1774 1379 1842 Praeterea
1417 1777 1737 1846 arborum
1793 1775 1940 1846 aliis
1992 1777 2314 1848 decidunt
2358 1777 2515 1850 folia
2547 1808 2563 1849 ε

473 1908 618 1978 aliae
660 1913 1064 2007 sempiterna
1113 1941 1305 1988 coma
1348 1921 1587 1990 virent.
1628 1923 1852 2011 Quam
1888 1923 2335 1995 differentiam
2375 1940 2567 1994 ante-

472 2053 663 2123 cedat
692 2081 961 2126 necesse
989 2073 1089 2128 est
1118 2062 1323 2154 prior.
1351 2065 1526 2132 Sunt
1551 2067 1731 2133 enim
1763 2067 2082 2136 arborum
2115 2067 2419 2161 quaedam
2451 2095 2566 2139 ur-

470 2199 823 2288 banioreS‚
872 2229 1034 2297 quas
1085 2205 1188 2274 his
1230 2205 1445 2302 placet
1489 2207 1897 2305 {nominibus
1958 2211 2387 2307 distinguere.
2446 2218 2564 2283 Hae

470 2345 693 2435 mites,
731 2373 881 2442 quae
901 2349 1159 2438 stuctU,
1189 2367 1304 2421 aut
1341 2350 1566 2446 aliqua
1603 2353 1794 2438 dote,
1831 2355 2306 2428 umbrarumve
2340 2358 2564 2429 officio

466 2483 826 2562 humanius
854 2495 1128 2587 juvant,
1171 2521 1308 2565 non
1337 2498 1642 2590 improbe
1676 2498 1987 2569 dicantur
2030 2503 2320 2572 urbanae.

465 3021 685 3092 Quibus
715 3025 855 3082 folia
881 3045 1001 3081 non
1035 3026 1319 3083 decidant.
1352 3028 1441 3083 De
1477 3028 1909 3084 rhododendro.
1949 3028 2175 3097 Quibus
2208 3046 2329 3082 non
2368 3025 2560 3082 omnia

805 3122 944 3179 folia
975 3124 1199 3181 cadant.
1236 3124 1457 3194 Quibus
1488 3125 1551 3180 in
1582 3126 1722 3181 locis
1753 3124 1899 3180 nulli
1932 3125 2220 3179 arborum.
2324 3156 2328 3160 -
2411 3165 2416 3172 .

557 3350 880 3419 XXXIII.
938 3375 1054 3447 20.
1109 3355 1365 3421 Harum
1426 3352 1657 3446 generi
1720 3377 1857 3421 non
1920 3349 2240 3420 decidunt
2278 3375 2292 3416 ε
2352 3347 2515 3417 oleae
2537 3401 2556 3433 ‚

464 3493 694 3579 lauro,
730 3494 964 3589 palmae
992 3549 1011 3584 ,
1053 3511 1273 3591 myrto
1298 3550 1315 3584 ,
1366 3522 1718 3592 cupreSSO,
1761 3497 1934 3592 pinis
1958 3549 1976 3584 ,
2016 3495 2260 3579 ederae,
2300 3493 2550 3563 rhodo-

467 3640 764 3729 dendro,
831 3656 897 3710 et
935 3642 1288 3738 (quamvis
1330 3642 1538 3711 herba
1583 3641 1897 3736 dicatur)
1942 3642 2202 3709 sabinae.
2269 3638 2552 3708 Rhodo-

467 3787 804 3874 dendron,
839 3802 916 3856 ut
943 3789 1214 3857 nomine
1234 3802 1546 3883 apparet,
1583 3812 1619 3854 a
1644 3790 1895 3857 Graecis
1927 3787 2127 3855 venit.
2157 3783 2283 3857 Alii
2320 3787 2557 3855 nerion

465 3895 789 4003 irocarunt
822 3985 840 4022 ‚
897 3933 1007 4001 alii
1067 3931 1600 4027 rhododaphnen
1632 3986 1649 4017 ‚
1721 3933 2203 4025 sempiternum
2266 3930 2556 4032 fronde,

465 4106 628 4151 rosae
658 4078 1128 4167 similitudine,
1166 4078 1466 4147 caulibus
1504 4078 1918 4147 fruticosum.
1944 4082 1980 4146 J
1988 4079 2273 4147 umentis
2305 4080 2555 4172 capris-
