2941 4807
465 409 541 469 40
930 406 995 461 C.
1036 406 1270 462 PLINII
1311 404 1503 461 HIST.
1546 405 1717 460 NAT.
1761 404 1903 459 LIB.
1934 403 2094 458 XVI.

466 527 696 597 eadem
730 547 1133 601 nucamenta
1156 532 1642 627 compressiora
1675 530 1970 599 maribus
2006 542 2199 613 sunt,
2227 552 2303 597 ac
2331 527 2556 596 minus

464 663 684 744 resina
710 676 991 747 roscida.

1377 1150 1466 1205 De
1496 1158 1652 1204 taxo.

538 1395 722 1461 'XX.
761 1392 1005 1464 Similis
1037 1396 1140 1464 his
1187 1398 1555 1466 etiamnum
1591 1409 1861 1491 aspectu
1900 1411 2000 1466 est
2022 1447 2042 1482 ‚
2075 1420 2159 1463 ne
2193 1394 2356 1489 quid
2394 1419 2560 1488 prae-

475 1553 804 1628 tereatur‚
842 1554 1034 1609 taxus
1063 1594 1082 1624 ‚
1121 1543 1395 1610 minime
1441 1544 1663 1611 virens
1686 1593 1705 1630 ,
1761 1538 2160 1636 gracilisque
2207 1554 2284 1609 et
2311 1539 2516 1608 tristis
2541 1591 2561 1626 ‚

472 1709 548 1754 ac
590 1685 770 1775 dira,
820 1682 1007 1754 nullo
1051 1710 1288 1772 succo,
1345 1711 1425 1754 ex
1474 1685 1786 1756 omnibus
1823 1683 1962 1754 sola
2004 1683 2353 1753 baccifera.
2414 1685 2565 1751 Mas

472 1828 676 1898 noxio
718 1827 966 1898 fructu.
1015 1827 1248 1899 Letale
1283 1830 1535 1924 quippe
1570 1829 1791 1898 baccis
1816 1880 1842 1916 ,
1893 1829 1963 1896 in
2017 1829 2341 1923 Hispania
2394 1852 2563 1922 prae-

475 1974 668 2067 cipue
695 2025 715 2062 ,
756 1998 1090 2044 venenum
1138 1975 1331 2045 inest.
1375 1977 1558 2044 Vasa
1596 1974 1797 2043 etiam
1837 1974 2122 2043 viatoria
2163 1998 2243 2042 ex
2284 1997 2360 2041 ea
2393 1973 2566 2041 vinis

475 2118 546 2186 in
583 2115 809 2187 Gallia
850 2117 1029 2188 facta
1053 2171 1073 2208 ‚
1116 2117 1459 2188 mortifera
1505 2117 1712 2187 fuisse
1748 2132 2167 2211 compertum
2204 2130 2325 2185 est.
2373 2119 2566 2184 Hanc

474 2261 737 2332 Sextius
772 2261 1107 2332 smilacem
1158 2288 1198 2332 a
1238 2265 1488 2333 Graecis
1523 2264 1750 2335 vocari
1789 2262 1958 2332 dixit
1990 2289 2005 2331 ε
2050 2278 2119 2332 et
2157 2287 2297 2332 esse
2333 2263 2404 2332 in
2437 2266 2563 2333 Ar-

477 2407 666 2478 cadia
702 2423 839 2477 tam
874 2410 1215 2503 praesentis
1245 2409 1512 2497 veneni,
1560 2396 1635 2478 ut
1667 2411 1785 2502 qui
1823 2409 2257 2479 obdormiant
2289 2409 2411 2479 sub
2447 2434 2526 2477 ea
2547 2460 2567 2494 ‚

475 2555 786 2624 cibumve
812 2557 1111 2650 capiant,
1137 2556 1528 2624 moriantur.
1564 2557 1739 2626 Sunt
1765 2557 1883 2649 qui
1910 2569 1977 2625 et
2007 2557 2221 2624 taxica
2263 2555 2423 2625 hinc
2454 2580 2571 2649 ap-

477 2695 722 2791 pellata
755 2697 979 2778 dicant
1009 2722 1297 2788 venena,
1327 2724 1474 2794 quae
1509 2725 1694 2770 nunc
1727 2702 1943 2770 toxica
1977 2700 2293 2787 dicimus,
2323 2701 2568 2796 quibus

478 2844 732 2938 sagittae
771 2816 1139 2939 tingantur.
1185 2848 1594 2941 Repertum,
1650 2847 1994 2915 innoxiam
2031 2847 2211 2935 fieri,
2257 2846 2310 2916 si
2355 2848 2424 2915 in
2467 2847 2568 2940 ip·

476 3010 619 3055 Sam
655 2987 964 3057 arborem
996 2986 1226 3058 Clavus
1260 3012 1467 3057 aeI'eUS
1507 2986 1833 3083 adigatur.

635 3369 858 3438 Quibus
889 3367 1076 3425 modis
1107 3365 1209 3426 fiat
1238 3369 1340 3444 pix
1366 3369 1604 3444 liquida.
1639 3369 1951 3439 Quomodo
1984 3367 2240 3425 cedrium
2272 3366 2392 3425 fiat.

552 3597 758 3664 XXI.
807 3620 833 3665 1
856 3620 911 3665 1.
951 3597 1074 3664 Pix
1114 3594 1366 3690 liquida
1403 3597 1472 3663 in
1504 3599 1775 3690 Europa
1811 3621 1848 3664 e
1885 3594 2041 3665 teda
2072 3597 2407 3689 coquitur,
2443 3620 2566 3665 na-

478 3742 735 3814 valibus
778 3744 1193 3832 muniendiS,
1256 3742 1632 3838 multosque
1685 3743 1849 3813 alios
1900 3743 1985 3813 ad
2038 3769 2214 3814 usus.
2267 3744 2561 3841 Lignum

479 3894 621 3987 ejus
661 3894 1032 3983 concisum,
1066 3893 1281 3962 furnis
1327 3891 1623 3986 undique
1677 3894 1819 3989 igni
1865 3908 2053 3961 extra
2104 3892 2518 3963 circumdato
2542 3945 2566 3982 ,

479 4044 708 4113 fervet.
755 4045 1018 4113 Primus
1069 4043 1272 4113 sudor
1312 4068 1501 4137 aquae
1552 4041 1756 4111 modo
1804 4042 1954 4111 fluit
1992 4040 2208 4112 canali
2248 4069 2264 4111 :
2305 4043 2433 4112 hoc
2493 4044 2564 4111 in
