2941 4807
529 389 639 449 126
971 391 1034 447 C.
1074 391 1308 448 PL1N11
1347 391 1540 447 HIST.
1583 390 1754 449 ΝΔΤ.
1797 391 1936 448 Lm.
1967 390 2125 447 XVI.

531 516 762 587 lustris
783 569 802 602 ‚
831 542 910 585 ex
943 518 1194 586 cortice
1219 530 1480 586 tantum
1514 515 1637 585 sub
1664 517 1807 610 ipsa
1833 540 2052 605 coma,
2085 512 2437 585 utilissima
2465 515 2628 585 den-

540 663 755 752 tibus,
792 663 1112 758 quoniam
1149 662 1250 731 vis
1288 659 1519 730 eadem
1554 676 1656 730 est
1690 685 1838 755 quoe
1879 660 2115 756 sinapi.

644 1757 752 1825 De
775 1751 1209 1826 Orchomenii
1236 1748 1420 1820 lacus
1446 1750 1865 1821 arundinetis
1894 1753 2277 1822 accuratius
2291 1752 2423 1822 dici
2452 1754 2633 1849 cogit

549 1898 905 1967 admiratio
958 1898 1255 1991 antiqua.
1295 1889 1666 1967 Characian
1712 1896 2039 1966 vocabant
2084 1898 2476 1967 crassiorem
2527 1898 2640 1966 fir·

545 2046 999 2137 mioremque‚
1045 2040 1303 2138 plotian
1353 2066 1515 2110 vero
1554 2040 2020 2111 subtiliorem:
2058 2043 2235 2112 hanc
2282 2043 2352 2110 in
2398 2041 2638 2111 insulis

549 2190 972 2259 fluitantibus
997 2202 1247 2276 natam,
1273 2185 1454 2257 illam
1473 2188 1543 2254 in
1562 2189 1725 2281 ripis
1746 2188 2174 2283 exspatiantis
2196 2186 2638 2258 lacus.Tertia

549 2334 813 2406 arundo
864 2348 963 2403 est
1009 2330 1257 2427 tibialis
1304 2330 1582 2420 calami,
1631 2356 1840 2427 quem.
1894 2331 2231 2403 auleticon
2287 2331 2641 2401 dicebant:

548 2503 731 2547 nono
757 2478 869 2547 hic
890 2502 1076 2546 anno
1098 2475 1525 2545 nascebatur.
1556 2476 1734 2545 Nam
1765 2488 1832 2544 et
1862 2473 2046 2544 lacus
2073 2476 2485 2545 incrementa
2508 2476 2645 2545 hoc

550 2624 867 2717 temporis
903 2621 1123 2715 spatio
1154 2620 1494 2689 servabat:
1533 2619 1988 2715 prodigiosuS,
2018 2622 2075 2690 si
2104 2620 2376 2715 quando
2407 2619 2647 2716 ampli-

551 2766 857 2836 tudinem
894 2766 1167 2834 biennio
1205 2764 1644 2835 extendisset:
1681 2766 1862 2860 quod
1897 2781 2204 2836 notatum
2240 2767 2420 2862 apiid
2456 2767 2648 2839 Chae-

549 2913 810 2982 roniam
852 2910 1145 2980 infausto
1181 2910 1721 2997 Atheniensium,
1765 2925 1832 2979 et
1866 2934 2039 3005 saepe
2069 2937 2085 2981 ε
2120 2911 2419 2982 Lebaida
2448 2938 2648 2983 voca-

549 3071 662 3127 tur
712 3054 1034 3148 influente
1086 3055 1435 3149 Cephisso.
1498 3054 1732 3143 Quum
1775 3054 1981 3150 igitur
2030 3080 2211 3126 anno
2276 3057 2643 3150 permansit

552 3201 935 3290 inundatio,
970 3199 1340 3295 proficiunt
1373 3199 1444 3267 in
1482 3200 1990 3292 aucupatoriam
2026 3223 2294 3293 quoque
2330 3201 2650 3297 ampl-itu-

554 3339 776 3408 dinem
813 3365 829 3407 ε
876 3340 1293 3408 vocabantur
1334 3338 1632 3432 zeugitae.
1687 3339 1942 3406 Contra
1977 3339 2382 3432 bombyciae‚
2428 3356 2651 3410 matu-

557 3480 698 3548 rius
734 3478 1112 3573 reciproco,
1150 3473 1429 3571 graciles
1461 3502 1478 3545 z
1514 3475 1945 3564 feminarum,
1976 3474 2215 3548 latiore
2249 3477 2412 3549 folio
2448 3498 2652 3576 atque

556 3613 943 3687 candidiore
970 3666 989 3701 ,
1032 3612 1297 3683 modica
1336 3612 1652 3710 lanugine
1687 3639 1703 3682 ε
1752 3630 1869 3682 aut
1909 3617 2185 3685 omnino
2225 3615 2452 3701 nulla,
2496 3644 2650 3713 spa·

558 3756 811 3824 donum
868 3753 1140 3820 nomine
1184 3750 1580 3845 insignibus.
1644 3751 1819 3819 Hinc
1875 3767 2062 3821 erant
2114 3771 2527 3825 armamenta
2567 3758 2652 3828 ad

559 3889 852 3960 inclusos
888 3904 1124 3959 cantus
1152 3914 1168 3956 ε
1215 3913 1355 3957 non
1390 3885 1647 3956 silendo
1682 3903 1749 3956 et
1784 3885 2044 3981 reliquo
2075 3915 2253 3962 curae
2280 3892 2611 3965 miraculo
2631 3948 2651 3986 ‚

560 4043 639 4097 ut
687 4028 882 4097 venia
936 4029 1020 4097 sit
1047 4077 1066 4115 ,
1118 4039 1399 4121 argento
1428 4024 1566 4117 jam
1622 4025 1848 4117 potius
1891 4027 2060 4096 cani.
2104 4028 2285 4098 Caedi
2345 4028 2651 4102 solebant
