<?xml version="1.0" encoding="UTF-8"?>
<!DOCTYPE html PUBLIC "-//W3C//DTD XHTML 1.0 Transitional//EN"
    "http://www.w3.org/TR/xhtml1/DTD/xhtml1-transitional.dtd">
<html xmlns="http://www.w3.org/1999/xhtml" xml:lang="en" lang="en">
 <head>
  <title>
</title>
<meta http-equiv="Content-Type" content="text/html;charset=utf-8" />
  <meta name='ocr-system' content='tesseract 3.04.00' />
  <meta name='ocr-capabilities' content='ocr_page ocr_carea ocr_par ocr_line ocrx_word'/>
</head>
<body>
  <div class='ocr_page' id='page_1' title='image "./histoirenaturel00grangoog_0170.png"; bbox 0 0 2941 4807; ppageno 0'>
   <div class='ocr_carea' id='block_1_1' title="bbox 455 401 2630 3660">
    <p class='ocr_par' dir='ltr' id='par_1_1' title="bbox 455 401 2630 3660">
     <span class='ocr_line' id='line_1_1' title="bbox 517 401 2138 461; baseline 0.001 -2"><span class='ocrx_word' id='word_1_1' title='bbox 517 401 630 459; x_wconf 74' lang='lat'><strong>160</strong></span> <span class='ocrx_word' id='word_1_2' title='bbox 980 405 1043 458; x_wconf 87' lang='lat' dir='ltr'><strong>C.</strong></span> <span class='ocrx_word' id='word_1_3' title='bbox 1086 405 1322 460; x_wconf 84' lang='lat' dir='ltr'><strong>PLINII</strong></span> <span class='ocrx_word' id='word_1_4' title='bbox 1363 404 1555 460; x_wconf 87' lang='lat' dir='ltr'><strong>HIST.</strong></span> <span class='ocrx_word' id='word_1_5' title='bbox 1602 406 1772 459; x_wconf 80' lang='lat' dir='ltr'><strong>NAT.</strong></span> <span class='ocrx_word' id='word_1_6' title='bbox 1816 405 1952 460; x_wconf 88' lang='lat' dir='ltr'><strong>LIB.</strong></span> <span class='ocrx_word' id='word_1_7' title='bbox 1978 405 2138 461; x_wconf 83' lang='lat' dir='ltr'>XVI.</span> 
     </span>
     <span class='ocr_line' id='line_1_2' title="bbox 523 529 2615 628; baseline 0.002 -30"><span class='ocrx_word' id='word_1_8' title='bbox 523 554 778 624; x_wconf 85' lang='lat' dir='ltr'><strong>cupans</strong></span> <span class='ocrx_word' id='word_1_9' title='bbox 812 556 827 598; x_wconf 78' lang='lat' dir='ltr'><strong>t</strong></span> <span class='ocrx_word' id='word_1_10' title='bbox 870 530 1053 624; x_wconf 91' lang='lat' dir='ltr'><strong>quod</strong></span> <span class='ocrx_word' id='word_1_11' title='bbox 1093 529 1400 625; x_wconf 84' lang='lat' dir='ltr'><strong>equidem</strong></span> <span class='ocrx_word' id='word_1_12' title='bbox 1440 534 1651 602; x_wconf 85' lang='lat' dir='ltr'><strong>miror</strong></span> <span class='ocrx_word' id='word_1_13' title='bbox 1673 585 1692 621; x_wconf 88' lang='lat'><strong>,</strong></span> <span class='ocrx_word' id='word_1_14' title='bbox 1739 559 1949 626; x_wconf 91' lang='lat' dir='ltr'><strong>quum</strong></span> <span class='ocrx_word' id='word_1_15' title='bbox 1992 534 2438 628; x_wconf 76' lang='lat' dir='ltr'><strong>antiquiorem</strong></span> <span class='ocrx_word' id='word_1_16' title='bbox 2481 536 2615 603; x_wconf 84' lang='lat' dir='ltr'><strong>Mi-</strong></span> 
     </span>
     <span class='ocr_line' id='line_1_3' title="bbox 526 642 2616 772; baseline 0.001 -29"><span class='ocrx_word' id='word_1_17' title='bbox 526 696 730 743; x_wconf 83' lang='lat' dir='ltr'><strong>nerva</strong></span> <span class='ocrx_word' id='word_1_18' title='bbox 770 701 1038 768; x_wconf 92' lang='lat' dir='ltr'><strong>quoque</strong></span> <span class='ocrx_word' id='word_1_19' title='bbox 1061 728 1078 763; x_wconf 89' lang='lat'>‚</span> <span class='ocrx_word' id='word_1_20' title='bbox 1120 702 1259 745; x_wconf 89' lang='lat' dir='ltr'><strong>non</strong></span> <span class='ocrx_word' id='word_1_21' title='bbox 1304 674 1505 746; x_wconf 90' lang='lat' dir='ltr'><strong>modo</strong></span> <span class='ocrx_word' id='word_1_22' title='bbox 1549 678 1791 747; x_wconf 80' lang='lat' dir='ltr'><strong>Libero</strong></span> <span class='ocrx_word' id='word_1_23' title='bbox 1833 680 2066 772; x_wconf 85' lang='lat' dir='ltr'><strong>patre,</strong></span> <span class='ocrx_word' id='word_1_24' title='bbox 2114 642 2508 748; x_wconf 86' lang='lat' dir='ltr'><strong>vetustatem</strong></span> <span class='ocrx_word' id='word_1_25' title='bbox 2556 680 2616 745; x_wconf 91' lang='lat' dir='ltr'><strong>ei</strong></span> 
     </span>
     <span class='ocr_line' id='line_1_4' title="bbox 528 808 2620 925; baseline 0.002 -39"><span class='ocrx_word' id='word_1_26' title='bbox 528 820 798 887; x_wconf 86' lang='lat' dir='ltr'><strong>tribuat.</strong></span> <span class='ocrx_word' id='word_1_27' title='bbox 841 819 1090 925; x_wconf 85' lang='lat' dir='ltr'><strong>Adjicit</strong></span> <span class='ocrx_word' id='word_1_28' title='bbox 1122 808 1348 889; x_wconf 88' lang='lat' dir='ltr'><strong>multis</strong></span> <span class='ocrx_word' id='word_1_29' title='bbox 1379 819 1818 891; x_wconf 75' lang='lat' dir='ltr'>foraminibus</span> <span class='ocrx_word' id='word_1_30' title='bbox 1865 821 2077 892; x_wconf 86' lang='lat' dir='ltr'><strong>nardo</strong></span> <span class='ocrx_word' id='word_1_31' title='bbox 2104 824 2346 918; x_wconf 83' lang='lat' dir='ltr'><strong>rigari,</strong></span> <span class='ocrx_word' id='word_1_32' title='bbox 2379 836 2454 890; x_wconf 91' lang='lat' dir='ltr'><strong>ut</strong></span> <span class='ocrx_word' id='word_1_33' title='bbox 2483 846 2620 890; x_wconf 90' lang='lat' dir='ltr'><strong>me-</strong></span> 
     </span>
     <span class='ocr_line' id='line_1_5' title="bbox 483 935 2619 1081; baseline 0 -45"><span class='ocrx_word' id='word_1_34' title='bbox 483 935 777 1051; x_wconf 83' lang='lat' dir='ltr'><strong>dicatus</strong></span> <span class='ocrx_word' id='word_1_35' title='bbox 817 960 1269 1057; x_wconf 50' lang='lat' dir='ltr'><strong>humor‘alat,</strong></span> <span class='ocrx_word' id='word_1_36' title='bbox 1309 984 1662 1063; x_wconf 86' lang='lat' dir='ltr'><strong>teneatque</strong></span> <span class='ocrx_word' id='word_1_37' title='bbox 1689 971 2034 1081; x_wconf 78' lang='lat' dir='ltr'><strong>juncturas</strong></span> <span class='ocrx_word' id='word_1_38' title='bbox 2061 1023 2078 1058; x_wconf 90' lang='lat'><strong>,</strong></span> <span class='ocrx_word' id='word_1_39' title='bbox 2122 996 2287 1063; x_wconf 91' lang='lat' dir='ltr'><strong>quas</strong></span> <span class='ocrx_word' id='word_1_40' title='bbox 2334 985 2400 1039; x_wconf 86' lang='lat' dir='ltr'><strong>et</strong></span> <span class='ocrx_word' id='word_1_41' title='bbox 2434 971 2619 1063; x_wconf 90' lang='lat' dir='ltr'><strong>ipsas</strong></span> 
     </span>
     <span class='ocr_line' id='line_1_6' title="bbox 526 1113 2626 1213; baseline 0.001 -32"><span class='ocrx_word' id='word_1_42' title='bbox 526 1138 668 1182; x_wconf 89' lang='lat' dir='ltr'><strong>esse</strong></span> <span class='ocrx_word' id='word_1_43' title='bbox 706 1114 971 1183; x_wconf 89' lang='lat' dir='ltr'><strong>modico</strong></span> <span class='ocrx_word' id='word_1_44' title='bbox 1002 1113 1362 1213; x_wconf 82' lang='lat' dir='ltr'>admodum</span> <span class='ocrx_word' id='word_1_45' title='bbox 1391 1115 1622 1183; x_wconf 86' lang='lat' dir='ltr'><strong>miror.</strong></span> <span class='ocrx_word' id='word_1_46' title='bbox 1649 1114 1897 1185; x_wconf 86' lang='lat' dir='ltr'>Valvas</span> <span class='ocrx_word' id='word_1_47' title='bbox 1928 1140 2071 1184; x_wconf 89' lang='lat' dir='ltr'><strong>esse</strong></span> <span class='ocrx_word' id='word_1_48' title='bbox 2101 1141 2139 1185; x_wconf 94' lang='lat' dir='ltr'><strong>e</strong></span> <span class='ocrx_word' id='word_1_49' title='bbox 2169 1141 2485 1210; x_wconf 80' lang='lat' dir='ltr'><strong>cupresso</strong></span> <span class='ocrx_word' id='word_1_50' title='bbox 2506 1167 2527 1200; x_wconf 84' lang='lat'>,</span> <span class='ocrx_word' id='word_1_51' title='bbox 2556 1130 2626 1183; x_wconf 84' lang='lat' dir='ltr'><strong>et</strong></span> 
     </span>
     <span class='ocr_line' id='line_1_7' title="bbox 523 1259 2622 1356; baseline -0 -27"><span class='ocrx_word' id='word_1_52' title='bbox 523 1262 663 1353; x_wconf 85' lang='lat' dir='ltr'><strong>jam</strong></span> <span class='ocrx_word' id='word_1_53' title='bbox 700 1259 1207 1355; x_wconf 77' lang='lat' dir='ltr'><strong>quadringentis</strong></span> <span class='ocrx_word' id='word_1_54' title='bbox 1228 1280 1438 1356; x_wconf 87' lang='lat' dir='ltr'><strong>prope</strong></span> <span class='ocrx_word' id='word_1_55' title='bbox 1477 1263 1669 1329; x_wconf 88' lang='lat' dir='ltr'><strong>annis</strong></span> <span class='ocrx_word' id='word_1_56' title='bbox 1702 1260 1947 1330; x_wconf 87' lang='lat' dir='ltr'><strong>durare</strong></span> <span class='ocrx_word' id='word_1_57' title='bbox 1972 1264 2313 1331; x_wconf 79' lang='lat' dir='ltr'><strong>materiem</strong></span> <span class='ocrx_word' id='word_1_58' title='bbox 2348 1284 2622 1329; x_wconf 89' lang='lat' dir='ltr'><strong>omnem</strong></span> 
     </span>
     <span class='ocr_line' id='line_1_8' title="bbox 531 1404 2624 1501; baseline -0 -27"><span class='ocrx_word' id='word_1_59' title='bbox 531 1432 722 1476; x_wconf 87' lang='lat' dir='ltr'><strong>novae</strong></span> <span class='ocrx_word' id='word_1_60' title='bbox 764 1405 1064 1474; x_wconf 82' lang='lat' dir='ltr'><strong>similem.</strong></span> <span class='ocrx_word' id='word_1_61' title='bbox 1108 1407 1186 1474; x_wconf 90' lang='lat' dir='ltr'><strong>Id</strong></span> <span class='ocrx_word' id='word_1_62' title='bbox 1229 1432 1497 1501; x_wconf 90' lang='lat' dir='ltr'><strong>quoque</strong></span> <span class='ocrx_word' id='word_1_63' title='bbox 1534 1406 1942 1494; x_wconf 83' lang='lat' dir='ltr'><strong>notandum,</strong></span> <span class='ocrx_word' id='word_1_64' title='bbox 1981 1405 2205 1475; x_wconf 86' lang='lat' dir='ltr'><strong>valvas</strong></span> <span class='ocrx_word' id='word_1_65' title='bbox 2240 1408 2307 1473; x_wconf 94' lang='lat' dir='ltr'><strong>in</strong></span> <span class='ocrx_word' id='word_1_66' title='bbox 2341 1404 2624 1501; x_wconf 85' lang='lat' dir='ltr'><strong>glutinis</strong></span> 
     </span>
     <span class='ocr_line' id='line_1_9' title="bbox 528 1547 2625 1646; baseline -0.001 -26"><span class='ocrx_word' id='word_1_67' title='bbox 528 1575 855 1645; x_wconf 82' lang='lat' dir='ltr'><strong>compage</strong></span> <span class='ocrx_word' id='word_1_68' title='bbox 898 1550 1342 1644; x_wconf 85' lang='lat' dir='ltr'><strong>quadriennio</strong></span> <span class='ocrx_word' id='word_1_69' title='bbox 1384 1550 1606 1620; x_wconf 89' lang='lat' dir='ltr'><strong>fuisse.</strong></span> <span class='ocrx_word' id='word_1_70' title='bbox 1666 1555 2039 1646; x_wconf 86' lang='lat' dir='ltr'><strong>Cupressus</strong></span> <span class='ocrx_word' id='word_1_71' title='bbox 2089 1552 2155 1617; x_wconf 92' lang='lat' dir='ltr'><strong>in</strong></span> <span class='ocrx_word' id='word_1_72' title='bbox 2209 1576 2314 1618; x_wconf 90' lang='lat' dir='ltr'><strong>eas</strong></span> <span class='ocrx_word' id='word_1_73' title='bbox 2369 1547 2625 1631; x_wconf 72' lang='lat' dir='ltr'><strong>electa,</strong></span> 
     </span>
     <span class='ocr_line' id='line_1_10' title="bbox 529 1694 2628 1790; baseline -0.001 -28"><span class='ocrx_word' id='word_1_74' title='bbox 529 1696 852 1787; x_wconf 91' lang='lat' dir='ltr'><strong>quoniam</strong></span> <span class='ocrx_word' id='word_1_75' title='bbox 907 1709 1148 1790; x_wconf 81' lang='lat' dir='ltr'><strong>praeter</strong></span> <span class='ocrx_word' id='word_1_76' title='bbox 1199 1709 1418 1762; x_wconf 87' lang='lat' dir='ltr'><strong>cetera</strong></span> <span class='ocrx_word' id='word_1_77' title='bbox 1472 1718 1611 1762; x_wconf 91' lang='lat' dir='ltr'><strong>uno</strong></span> <span class='ocrx_word' id='word_1_78' title='bbox 1673 1696 1740 1761; x_wconf 93' lang='lat' dir='ltr'><strong>in</strong></span> <span class='ocrx_word' id='word_1_79' title='bbox 1795 1719 2036 1788; x_wconf 87' lang='lat' dir='ltr'><strong>genere</strong></span> <span class='ocrx_word' id='word_1_80' title='bbox 2096 1694 2384 1762; x_wconf 82' lang='lat' dir='ltr'><strong>materiae</strong></span> <span class='ocrx_word' id='word_1_81' title='bbox 2442 1695 2628 1777; x_wconf 87' lang='lat' dir='ltr'><strong>nitor</strong></span> 
     </span>
     <span class='ocr_line' id='line_1_11' title="bbox 533 1835 2627 1929; baseline -0 -24"><span class='ocrx_word' id='word_1_82' title='bbox 533 1839 820 1906; x_wconf 79' lang='lat' dir='ltr'><strong>maxime</strong></span> <span class='ocrx_word' id='word_1_83' title='bbox 862 1835 1077 1905; x_wconf 89' lang='lat' dir='ltr'><strong>valeat</strong></span> <span class='ocrx_word' id='word_1_84' title='bbox 1117 1850 1425 1906; x_wconf 86' lang='lat' dir='ltr'><strong>aeternus.</strong></span> <span class='ocrx_word' id='word_1_85' title='bbox 1483 1839 1728 1906; x_wconf 88' lang='lat' dir='ltr'><strong>Nonne</strong></span> <span class='ocrx_word' id='word_1_86' title='bbox 1770 1837 2200 1906; x_wconf 86' lang='lat' dir='ltr'><strong>simulacrum</strong></span> <span class='ocrx_word' id='word_1_87' title='bbox 2238 1837 2514 1929; x_wconf 86' lang='lat' dir='ltr'><strong>Vejovis</strong></span> <span class='ocrx_word' id='word_1_88' title='bbox 2554 1838 2627 1904; x_wconf 90' lang='lat' dir='ltr'><strong>in</strong></span> 
     </span>
     <span class='ocr_line' id='line_1_12' title="bbox 531 1979 2628 2075; baseline -0.001 -26"><span class='ocrx_word' id='word_1_89' title='bbox 531 2005 681 2050; x_wconf 86' lang='lat' dir='ltr'><strong>arce</strong></span> <span class='ocrx_word' id='word_1_90' title='bbox 719 2006 756 2049; x_wconf 88' lang='lat' dir='ltr'><strong>e</strong></span> <span class='ocrx_word' id='word_1_91' title='bbox 787 2004 1102 2075; x_wconf 86' lang='lat' dir='ltr'><strong>cupresso</strong></span> <span class='ocrx_word' id='word_1_92' title='bbox 1141 1980 1344 2048; x_wconf 90' lang='lat' dir='ltr'><strong>durat</strong></span> <span class='ocrx_word' id='word_1_93' title='bbox 1369 2034 1387 2066; x_wconf 87' lang='lat'>‚</span> <span class='ocrx_word' id='word_1_94' title='bbox 1433 2006 1469 2047; x_wconf 88' lang='lat' dir='ltr'><strong>a</strong></span> <span class='ocrx_word' id='word_1_95' title='bbox 1513 1980 1785 2048; x_wconf 80' lang='lat' dir='ltr'><strong>condita</strong></span> <span class='ocrx_word' id='word_1_96' title='bbox 1821 1980 2006 2048; x_wconf 87' lang='lat' dir='ltr'><strong>Urbe</strong></span> <span class='ocrx_word' id='word_1_97' title='bbox 2062 2004 2259 2050; x_wconf 81' lang='lat' dir='ltr'><strong>nch1</strong></span> <span class='ocrx_word' id='word_1_98' title='bbox 2302 2005 2483 2048; x_wconf 88' lang='lat' dir='ltr'><strong>anno</strong></span> <span class='ocrx_word' id='word_1_99' title='bbox 2523 1979 2628 2047; x_wconf 88' lang='lat' dir='ltr'><strong>di·-</strong></span> 
     </span>
     <span class='ocr_line' id='line_1_13' title="bbox 534 2118 2628 2221; baseline -0 -30"><span class='ocrx_word' id='word_1_100' title='bbox 534 2122 799 2192; x_wconf 83' lang='lat' dir='ltr'><strong>catum?</strong></span> <span class='ocrx_word' id='word_1_101' title='bbox 827 2120 1265 2190; x_wconf 88' lang='lat' dir='ltr'><strong>Memorabile</strong></span> <span class='ocrx_word' id='word_1_102' title='bbox 1289 2137 1357 2188; x_wconf 89' lang='lat' dir='ltr'><strong>et</strong></span> <span class='ocrx_word' id='word_1_103' title='bbox 1375 2122 1591 2189; x_wconf 84' lang='lat' dir='ltr'><strong>Uticae</strong></span> <span class='ocrx_word' id='word_1_104' title='bbox 1614 2119 1934 2221; x_wconf 88' lang='lat' dir='ltr'><strong>templum</strong></span> <span class='ocrx_word' id='word_1_105' title='bbox 1960 2120 2285 2215; x_wconf 89' lang='lat' dir='ltr'><strong>Apollinis</strong></span> <span class='ocrx_word' id='word_1_106' title='bbox 2302 2174 2320 2206; x_wconf 90' lang='lat'>‚</span> <span class='ocrx_word' id='word_1_107' title='bbox 2344 2118 2460 2188; x_wconf 88' lang='lat' dir='ltr'><strong>ubi</strong></span> <span class='ocrx_word' id='word_1_108' title='bbox 2485 2121 2628 2190; x_wconf 92' lang='lat' dir='ltr'><strong>Nu-</strong></span> 
     </span>
     <span class='ocr_line' id='line_1_14' title="bbox 535 2238 2629 2363; baseline -0.001 -26"><span class='ocrx_word' id='word_1_109' title='bbox 535 2268 932 2337; x_wconf 85' lang='lat' dir='ltr'><strong>midicarum</strong></span> <span class='ocrx_word' id='word_1_110' title='bbox 968 2268 1319 2336; x_wconf 84' lang='lat' dir='ltr'><strong>cedrorum</strong></span> <span class='ocrx_word' id='word_1_111' title='bbox 1362 2267 1581 2336; x_wconf 80' lang='lat' dir='ltr'><strong>trahes</strong></span> <span class='ocrx_word' id='word_1_112' title='bbox 1615 2267 1899 2349; x_wconf 88' lang='lat' dir='ltr'><strong>durant,</strong></span> <span class='ocrx_word' id='word_1_113' title='bbox 1941 2269 2031 2336; x_wconf 87' lang='lat' dir='ltr'><strong>ita</strong></span> <span class='ocrx_word' id='word_1_114' title='bbox 2065 2238 2141 2336; x_wconf 81' lang='lat' dir='ltr'><strong>ut</strong></span> <span class='ocrx_word' id='word_1_115' title='bbox 2176 2269 2404 2363; x_wconf 84' lang='lat' dir='ltr'><strong>positae</strong></span> <span class='ocrx_word' id='word_1_116' title='bbox 2439 2267 2629 2335; x_wconf 89' lang='lat' dir='ltr'><strong>fuere</strong></span> 
     </span>
     <span class='ocr_line' id='line_1_15' title="bbox 536 2413 2630 2509; baseline -0.002 -26"><span class='ocrx_word' id='word_1_117' title='bbox 536 2415 754 2509; x_wconf 87' lang='lat' dir='ltr'><strong>prima</strong></span> <span class='ocrx_word' id='word_1_118' title='bbox 784 2415 969 2483; x_wconf 87' lang='lat' dir='ltr'><strong>urbis</strong></span> <span class='ocrx_word' id='word_1_119' title='bbox 1006 2415 1146 2507; x_wconf 89' lang='lat' dir='ltr'><strong>ejus</strong></span> <span class='ocrx_word' id='word_1_120' title='bbox 1186 2413 1476 2506; x_wconf 78' lang='lat' dir='ltr'><strong>origine,</strong></span> <span class='ocrx_word' id='word_1_121' title='bbox 1516 2413 1708 2479; x_wconf 88' lang='lat' dir='ltr'><strong>annis</strong></span> <span class='ocrx_word' id='word_1_122' title='bbox 1739 2437 2134 2483; x_wconf 70' lang='lat' dir='ltr'><strong>mcnxxvul.</strong></span> <span class='ocrx_word' id='word_1_123' title='bbox 2165 2416 2250 2481; x_wconf 92' lang='lat' dir='ltr'><strong>Et</strong></span> <span class='ocrx_word' id='word_1_124' title='bbox 2283 2414 2352 2480; x_wconf 93' lang='lat' dir='ltr'><strong>in</strong></span> <span class='ocrx_word' id='word_1_125' title='bbox 2384 2414 2630 2505; x_wconf 88' lang='lat' dir='ltr'><strong>Hispa-</strong></span> 
     </span>
     <span class='ocr_line' id='line_1_16' title="bbox 537 2555 2629 2656; baseline -0.001 -29"><span class='ocrx_word' id='word_1_126' title='bbox 537 2562 649 2629; x_wconf 93' lang='lat' dir='ltr'><strong>nia</strong></span> <span class='ocrx_word' id='word_1_127' title='bbox 687 2561 969 2656; x_wconf 85' lang='lat' dir='ltr'><strong>Sagunti</strong></span> <span class='ocrx_word' id='word_1_128' title='bbox 1010 2561 1202 2626; x_wconf 90' lang='lat' dir='ltr'><strong>aiunt</strong></span> <span class='ocrx_word' id='word_1_129' title='bbox 1237 2556 1562 2650; x_wconf 88' lang='lat' dir='ltr'><strong>templum</strong></span> <span class='ocrx_word' id='word_1_130' title='bbox 1615 2559 1849 2626; x_wconf 86' lang='lat' dir='ltr'><strong>Dianae</strong></span> <span class='ocrx_word' id='word_1_131' title='bbox 1881 2583 1922 2626; x_wconf 90' lang='lat' dir='ltr'><strong>a</strong></span> <span class='ocrx_word' id='word_1_132' title='bbox 1959 2558 2299 2652; x_wconf 87' lang='lat' dir='ltr'><strong>Zacyntho</strong></span> <span class='ocrx_word' id='word_1_133' title='bbox 2333 2555 2629 2626; x_wconf 86' lang='lat' dir='ltr'><strong>advectae</strong></span> 
     </span>
     <span class='ocr_line' id='line_1_17' title="bbox 536 2699 2627 2794; baseline -0.001 -24"><span class='ocrx_word' id='word_1_134' title='bbox 536 2727 689 2771; x_wconf 91' lang='lat' dir='ltr'><strong>cum</strong></span> <span class='ocrx_word' id='word_1_135' title='bbox 721 2702 1220 2789; x_wconf 79' lang='lat' dir='ltr'><strong>conditoribuS,</strong></span> <span class='ocrx_word' id='word_1_136' title='bbox 1253 2701 1445 2768; x_wconf 88' lang='lat' dir='ltr'><strong>annis</strong></span> <span class='ocrx_word' id='word_1_137' title='bbox 1483 2699 1788 2769; x_wconf 87' lang='lat' dir='ltr'><strong>ducentis</strong></span> <span class='ocrx_word' id='word_1_138' title='bbox 1824 2716 1979 2770; x_wconf 89' lang='lat' dir='ltr'><strong>ante</strong></span> <span class='ocrx_word' id='word_1_139' title='bbox 2023 2700 2354 2770; x_wconf 76' lang='lat' dir='ltr'><strong>excidium</strong></span> <span class='ocrx_word' id='word_1_140' title='bbox 2383 2702 2627 2794; x_wconf 82' lang='lat' dir='ltr'><strong>Trojae,</strong></span> 
     </span>
     <span class='ocr_line' id='line_1_18' title="bbox 535 2809 2630 2948; baseline -0.001 -33"><span class='ocrx_word' id='word_1_141' title='bbox 535 2861 614 2915; x_wconf 91' lang='lat' dir='ltr'><strong>ut</strong></span> <span class='ocrx_word' id='word_1_142' title='bbox 651 2860 885 2948; x_wconf 87' lang='lat' dir='ltr'><strong>auctor</strong></span> <span class='ocrx_word' id='word_1_143' title='bbox 924 2861 1022 2914; x_wconf 88' lang='lat' dir='ltr'><strong>est</strong></span> <span class='ocrx_word' id='word_1_144' title='bbox 1058 2809 1397 2937; x_wconf 81' lang='lat' dir='ltr'><strong>BocchuS‚</strong></span> <span class='ocrx_word' id='word_1_145' title='bbox 1431 2846 1736 2940; x_wconf 90' lang='lat' dir='ltr'><strong>infraque</strong></span> <span class='ocrx_word' id='word_1_146' title='bbox 1772 2844 2094 2940; x_wconf 91' lang='lat' dir='ltr'><strong>oppidum</strong></span> <span class='ocrx_word' id='word_1_147' title='bbox 2139 2847 2359 2938; x_wconf 90' lang='lat' dir='ltr'><strong>ipsum</strong></span> <span class='ocrx_word' id='word_1_148' title='bbox 2394 2844 2465 2911; x_wconf 91' lang='lat' dir='ltr'><strong>id</strong></span> <span class='ocrx_word' id='word_1_149' title='bbox 2514 2845 2630 2913; x_wconf 90' lang='lat' dir='ltr'><strong>ha-</strong></span> 
     </span>
     <span class='ocr_line' id='line_1_19' title="bbox 537 2989 2626 3086; baseline -0.002 -25"><span class='ocrx_word' id='word_1_150' title='bbox 537 2993 700 3061; x_wconf 84' lang='lat' dir='ltr'><strong>beri.</strong></span> <span class='ocrx_word' id='word_1_151' title='bbox 747 2994 876 3062; x_wconf 91' lang='lat' dir='ltr'><strong>Cui</strong></span> <span class='ocrx_word' id='word_1_152' title='bbox 910 2994 1209 3086; x_wconf 89' lang='lat' dir='ltr'><strong>pepercit</strong></span> <span class='ocrx_word' id='word_1_153' title='bbox 1256 2990 1582 3085; x_wconf 88' lang='lat' dir='ltr'><strong>religione</strong></span> <span class='ocrx_word' id='word_1_154' title='bbox 1619 2991 1932 3060; x_wconf 88' lang='lat' dir='ltr'><strong>inductus</strong></span> <span class='ocrx_word' id='word_1_155' title='bbox 1976 2989 2302 3075; x_wconf 86' lang='lat' dir='ltr'><strong>Annibal,</strong></span> <span class='ocrx_word' id='word_1_156' title='bbox 2326 2989 2626 3084; x_wconf 82' lang='lat' dir='ltr'><strong>juniperi</strong></span> 
     </span>
     <span class='ocr_line' id='line_1_20' title="bbox 537 3134 2628 3236; baseline -0.002 -30"><span class='ocrx_word' id='word_1_157' title='bbox 537 3138 834 3206; x_wconf 89' lang='lat' dir='ltr'><strong>trabibus</strong></span> <span class='ocrx_word' id='word_1_158' title='bbox 868 3136 1065 3221; x_wconf 83' lang='lat' dir='ltr'><strong>etiam</strong></span> <span class='ocrx_word' id='word_1_159' title='bbox 1111 3160 1291 3230; x_wconf 86' lang='lat' dir='ltr'><strong>nunc</strong></span> <span class='ocrx_word' id='word_1_160' title='bbox 1334 3134 1754 3203; x_wconf 75' lang='lat' dir='ltr'><strong>durantibus,</strong></span> <span class='ocrx_word' id='word_1_161' title='bbox 1793 3137 2007 3229; x_wconf 88' lang='lat' dir='ltr'><strong>Super</strong></span> <span class='ocrx_word' id='word_1_162' title='bbox 2034 3136 2260 3236; x_wconf 86' lang='lat' dir='ltr'><strong>omnia</strong></span> <span class='ocrx_word' id='word_1_163' title='bbox 2301 3158 2628 3203; x_wconf 83' lang='lat' dir='ltr'><strong>memora—</strong></span> 
     </span>
     <span class='ocr_line' id='line_1_21' title="bbox 535 3263 2626 3374; baseline -0.001 -25"><span class='ocrx_word' id='word_1_164' title='bbox 535 3297 646 3349; x_wconf 88' lang='lat' dir='ltr'><strong>tur</strong></span> <span class='ocrx_word' id='word_1_165' title='bbox 685 3263 853 3349; x_wconf 85' lang='lat' dir='ltr'><strong>aedes</strong></span> <span class='ocrx_word' id='word_1_166' title='bbox 888 3281 957 3348; x_wconf 92' lang='lat' dir='ltr'><strong>in</strong></span> <span class='ocrx_word' id='word_1_167' title='bbox 997 3276 1239 3348; x_wconf 85' lang='lat' dir='ltr'><strong>Aulide</strong></span> <span class='ocrx_word' id='word_1_168' title='bbox 1284 3278 1586 3370; x_wconf 89' lang='lat' dir='ltr'><strong>ejusdem</strong></span> <span class='ocrx_word' id='word_1_169' title='bbox 1635 3278 1773 3348; x_wconf 88' lang='lat' dir='ltr'><strong>deae</strong></span> <span class='ocrx_word' id='word_1_170' title='bbox 1796 3333 1814 3368; x_wconf 83' lang='lat'>‚</span> <span class='ocrx_word' id='word_1_171' title='bbox 1873 3277 2126 3349; x_wconf 82' lang='lat' dir='ltr'><strong>saeculis</strong></span> <span class='ocrx_word' id='word_1_172' title='bbox 2178 3276 2435 3374; x_wconf 87' lang='lat' dir='ltr'><strong>aliquot</strong></span> <span class='ocrx_word' id='word_1_173' title='bbox 2473 3292 2626 3347; x_wconf 87' lang='lat' dir='ltr'><strong>a-nte</strong></span> 
     </span>
     <span class='ocr_line' id='line_1_22' title="bbox 455 3421 2624 3517; baseline -0.001 -24"><span class='ocrx_word' id='word_1_174' title='bbox 455 3449 468 3517; x_wconf 58' lang='grc' dir='ltr'>ᾗ</span> <span class='ocrx_word' id='word_1_175' title='bbox 535 3425 899 3516; x_wconf 89' lang='lat' dir='ltr'><strong>Trojanum</strong></span> <span class='ocrx_word' id='word_1_176' title='bbox 939 3421 1188 3492; x_wconf 90' lang='lat' dir='ltr'><strong>bellum</strong></span> <span class='ocrx_word' id='word_1_177' title='bbox 1230 3422 1674 3492; x_wconf 80' lang='lat' dir='ltr'><strong>exaedificata:</strong></span> <span class='ocrx_word' id='word_1_178' title='bbox 1718 3447 2012 3515; x_wconf 92' lang='lat' dir='ltr'><strong>quonam</strong></span> <span class='ocrx_word' id='word_1_179' title='bbox 2052 3446 2294 3517; x_wconf 86' lang='lat' dir='ltr'><strong>genere</strong></span> <span class='ocrx_word' id='word_1_180' title='bbox 2333 3424 2624 3491; x_wconf 84' lang='lat' dir='ltr'><strong>materiae</strong></span> 
     </span>
     <span class='ocr_line' id='line_1_23' title="bbox 537 3565 2624 3660; baseline -0.002 -22"><span class='ocrx_word' id='word_1_181' title='bbox 537 3570 815 3649; x_wconf 88' lang='lat' dir='ltr'><strong>scientia</strong></span> <span class='ocrx_word' id='word_1_182' title='bbox 867 3566 1237 3635; x_wconf 89' lang='lat' dir='ltr'><strong>obliterata.</strong></span> <span class='ocrx_word' id='word_1_183' title='bbox 1299 3570 1378 3635; x_wconf 92' lang='lat' dir='ltr'><strong>ln</strong></span> <span class='ocrx_word' id='word_1_184' title='bbox 1428 3565 1705 3660; x_wconf 90' lang='lat' dir='ltr'><strong>plenum</strong></span> <span class='ocrx_word' id='word_1_185' title='bbox 1739 3565 1869 3634; x_wconf 91' lang='lat' dir='ltr'><strong>dici</strong></span> <span class='ocrx_word' id='word_1_186' title='bbox 1904 3574 2121 3659; x_wconf 84' lang='lat' dir='ltr'><strong>potest</strong></span> <span class='ocrx_word' id='word_1_187' title='bbox 2151 3618 2170 3651; x_wconf 83' lang='lat'>‚</span> <span class='ocrx_word' id='word_1_188' title='bbox 2211 3566 2444 3658; x_wconf 91' lang='lat' dir='ltr'><strong>utique</strong></span> <span class='ocrx_word' id='word_1_189' title='bbox 2475 3585 2624 3659; x_wconf 85' lang='lat' dir='ltr'><strong>quae</strong></span> 
     </span>
    </p>
   </div>
   <div class='ocr_carea' id='block_1_2' title="bbox 535 3689 2097 3808">
    <p class='ocr_par' dir='ltr' id='par_1_2' title="bbox 535 3689 2097 3808">
     <span class='ocr_line' id='line_1_24' title="bbox 535 3689 2097 3808; baseline -0.003 -24"><span class='ocrx_word' id='word_1_190' title='bbox 535 3715 741 3784; x_wconf 89' lang='lat' dir='ltr'><strong>odore</strong></span> <span class='ocrx_word' id='word_1_191' title='bbox 777 3709 1159 3808; x_wconf 84' lang='lat' dir='ltr'><strong>praecellant</strong></span> <span class='ocrx_word' id='word_1_192' title='bbox 1179 3765 1197 3799; x_wconf 90' lang='lat'>‚</span> <span class='ocrx_word' id='word_1_193' title='bbox 1251 3735 1328 3781; x_wconf 92' lang='lat' dir='ltr'><strong>ea</strong></span> <span class='ocrx_word' id='word_1_194' title='bbox 1365 3689 1734 3779; x_wconf 65' lang='lat' dir='ltr'><strong>{eternitate</strong></span> <span class='ocrx_word' id='word_1_195' title='bbox 1767 3724 2097 3804; x_wconf 82' lang='lat' dir='ltr'><strong>praestare.</strong></span> 
     </span>
    </p>
   </div>
  </div>
 </body>
</html>
