2941 4807
385 368 422 424 8
836 373 900 429 C.
941 374 1118 430 PLIN
1123 376 1177 431 11
1218 373 1414 432 HIST.
1455 376 1627 432 NAT.
1666 377 1809 433 Lm.
1833 376 1993 434 XVI.

484 492 551 565 3.
605 494 982 568 Glandiferi
1016 500 1305 570 maxime
1346 500 1615 597 generis
1660 525 1893 574 omnes
1912 549 1937 591 ‚
1983 499 2227 596 quibus
2270 500 2486 570 honos

383 643 567 739 apud
600 648 943 716 Romanos
976 661 1363 743 perpetuus,

892 889 984 946 De
1010 886 1383 971 glandifexisss
1425 889 1500 946 de
1532 887 1713 953 civica
1738 903 1970 946 corona.

448 1177 452 1183 ,
479 1105 603 1174 111.
638 1108 707 1191 4.
750 1104 928 1175 Hinc
960 1098 1189 1177 civicae
1221 1130 1489 1179 coronae
1509 1158 1531 1196 ,
1582 1104 1878 1180 militum
1912 1104 2181 1175 virtutis
2219 1103 2480 1200 insigne

381 1238 824 1315 clarissimum
855 1273 873 1316 z
922 1248 1064 1342 jam
1096 1244 1359 1344 pridem
1405 1272 1572 1321 vero
1609 1263 1679 1318 et
1713 1246 2083 1318 clementiae
2117 1247 2481 1342 imperato·
2510 1317 2515 1322 .

381 1393 577 1481 rum,
627 1407 1026 1488 postquam,
1070 1392 1372 1464 civilium
1426 1391 1764 1469 bellorum
1799 1393 2125 1496 profan0,
2162 1393 2478 1467 meritum

381 1536 587 1631 coepit
619 1537 878 1626 videri,
914 1538 1130 1608 civem
1172 1563 1311 1608 non
1342 1538 1670 1609 occidere.
1703 1537 1976 1612 Cedunt
2006 1537 2112 1609 his
2145 1534 2477 1631 murales,

380 1680 794 1779 vallaresque
816 1736 837 1774 ,
881 1698 950 1754 et
976 1708 1192 1756 aureae
1211 1737 1231 1776 ,
1273 1710 1687 1781 quamquam
1729 1685 1947 1781 pretio
1990 1681 2475 1753 antecedentes,

382 1826 659 1898 Cedunt
690 1842 760 1899 et
790 1844 1132 1921 rostratae,
1159 1832 1467 1929 quamvis
1504 1832 1578 1899 in
1615 1828 1880 1900 duobus
1904 1830 2196 1899 maxime
2229 1825 2316 1897 ad
2349 1826 2479 1896 hoc

382 1972 505 2040 aevi
532 1969 863 2043 celebres:
891 1976 989 2044 Μ.
1016 1976 1324 2045 Varrone
1351 1999 1389 2044 e
1418 1974 1722 2071 piraticis
1746 1970 1971 2062 bellis,
1998 1973 2202 2042 dante
2222 1974 2478 2068 Magno

380 2114 748 2209 Pompeio:
794 2116 1089 2213 itemque
1120 2119 1217 2188 M.
1243 2118 1545 2214 Agrippa
1569 2168 1590 2201 ‚
1632 2114 1970 2186 tribuente
2002 2118 2261 2187 Caesare
2302 2139 2339 2184 e
2375 2114 2480 2184 Si-

382 2255 553 2326 culis
577 2311 597 2345 ,
643 2283 791 2354 quae
830 2273 898 2328 et
937 2262 1083 2356 ipsa
1113 2261 1392 2357 piratica
1438 2259 1642 2330 suere.
1684 2261 1902 2333 Antea
1936 2274 2159 2359 „rostra
2198 2259 2474 2331 navium

373 2401 705 2479 ‚tribunali
732 2381 1000 2501 praefixa
1027 2405 1157 2478 fori
1185 2402 1386 2479 decus
1408 2420 1604 2475 erant
1620 2457 1642 2495 ,
1667 2394 1878 2476 veluti
1911 2402 2167 2501 populo
2195 2430 2477 2476 romano

381 2550 510 2643 ipsi
546 2575 798 2619 corona
830 2552 1190 2646 imposita:
1224 2566 1588 2649 postquam
1615 2576 1777 2621 vero
1804 2551 2183 2624 tribuniciis
2206 2552 2479 2622 seditio·-

382 2694 583 2764 nibus
620 2695 861 2767 calcari
896 2722 974 2765 ac
1019 2693 1235 2791 pollui
1269 2721 1533 2792 coepere
1555 2748 1574 2783 ,
1611 2708 1975 2792 postquam
2017 2697 2196 2766 vires
2230 2721 2316 2765 ex
2346 2722 2473 2792 pu·

351 2902 354 2904 Α
381 2837 558 2909 blico
597 2840 667 2908 in
698 2841 1034 2934 privatum
1069 2841 1212 2938 agi,
1246 2837 1662 2937 singulisque
1695 2841 1942 2911 civium
1974 2841 2221 2935 quaeri,
2252 2864 2476 2909 sacro-

383 2999 611 3054 sancta
640 2985 864 3054 omnia
894 2984 1177 3081 profana
1212 2983 1456 3076 facere,
1480 2999 1628 3054 tum
1663 3010 1702 3054 a
1736 2981 2021 3080 pedibus
2052 3009 2284 3055 eorum
2317 2985 2474 3054 sub-

385 3127 520 3198 iere
558 3131 629 3198 in
674 3131 895 3224 capita
916 3213 919 3218 Ι
940 3131 1189 3201 civium
1224 3143 1460 3218 rostra.
1514 3127 1723 3200 Dedit
1757 3127 1935 3202 hanc
1980 3131 2324 3224 Augustus
2361 3156 2474 3201 co·

383 3297 620 3342 ronam
659 3274 1018 3369 Agrippae:
1058 3272 1174 3344 sed
1202 3273 1493 3366 ,civicam
1524 3297 1567 3342 a
1602 3296 1843 3369 genere
1880 3273 2474 3369 humano-aceepit

386 3414 545 3509 ipse.
