2941 4807
482 411 556 467 90
932 394 995 449 C.
1035 393 1270 450 PLINII
1308 392 1501 450 HIST.
1545 392 1716 447 NAT.
1758 392 1898 447 LIB.
1934 391 2094 447 XVI.

576 518 694 585 Est
722 537 882 583 vero
909 529 973 583 et
1005 515 1075 582 in
1108 515 1265 608 ipsis
1298 514 1646 585 arboribus
1685 516 1884 582 etiam
1917 514 2172 583 onustis
2197 511 2556 607 peculiaris

484 659 876 728 differentia.
913 661 1186 728 Summa
1216 660 1317 727 sui
1354 673 1545 753 parte
1579 657 1967 747 fertilioreS,
2000 659 2278 727 arbutus
2299 710 2319 743 ‚
2357 680 2557 751 quer-

483 812 600 872 cus
627 828 643 870 ε
694 801 1004 870 inferiore
1026 855 1046 891 ,
1096 801 1446 896 juglandes
1472 856 1491 886 ‚
1560 802 1667 871 fici
1723 802 2035 871 mariscae.
2081 805 2332 872 Omnes
2352 853 2370 889 ‚
2427 825 2562 893 quo

484 948 690 1041 magis
741 962 1097 1016 senescunt
1123 999 1142 1035 ‚
1206 947 1335 1015 hoc
1375 949 1702 1015 maturius
1761 947 1984 1016 ferunt
2008 1000 2027 1037 ,
2079 961 2146 1015 et
2197 948 2266 1014 in
2323 946 2562 1040 apricis

489 1089 681 1176 locis,
709 1114 831 1160 nec
850 1091 1086 1186 pingui
1106 1105 1304 1160 terra.
1334 1090 1751 1161 Silvestriora
1780 1093 2001 1161 omnia
2029 1089 2340 1162 tardiora.
2361 1092 2563 1179 Quae-

487 1234 638 1304 dam
672 1259 754 1303 ex
780 1236 858 1302 iis
888 1239 1165 1306 omnino
1194 1258 1317 1303 nec
1350 1249 1828 1304 maturescunt.
1866 1238 2035 1303 Item
2063 1259 2211 1328 quae
2236 1235 2556 1303 subaran-

327 1393 625 1467 κλαῖ’,
663 1394 782 1448 aut
819 1405 965 1472 quae
1003 1379 1518 1473 ablaqueantur,
1559 1376 1873 1447 celeriora
1920 1378 2233 1473 neglectis
2263 1403 2279 1446 t
2317 1379 2457 1446 haec
2497 1391 2563 1444 et

489 1520 828 1590 fertiliora.

840 1804 982 1870 Quae
1020 1800 1311 1856 celerrime
1344 1808 1637 1855 senescant
1655 1838 1672 1868 ‚
1713 1818 1835 1872 quae
1871 1799 2206 1857 tardissime.

485 1978 490 1987 '
585 1977 697 2044 LI.
732 1979 853 2044 Est
894 1977 1257 2044 etiamnum
1296 1976 1513 2044 aetatis
1553 1974 1948 2044 differentia.
1985 1974 2352 2068 Amygdala
2389 1977 2570 2043 enim

495 2133 561 2186 et
604 2120 790 2212 pirus
844 2119 912 2185 in
963 2135 1224 2187 senecta
1269 2117 1688 2187 fertilissimae
1727 2144 1741 2185 ε
1798 2135 1872 2186 ut
1918 2134 1984 2187 et
2033 2116 2449 2213 glandiferae,
2505 2132 2574 2186 et

496 2260 829 2353 quoddam
868 2286 1076 2356 genus
1105 2262 1404 2331 ficorum.
1455 2264 1703 2331 Ceterae
1761 2264 1828 2329 in
1869 2263 2147 2355 juventa
2184 2261 2573 2354 tardiusque

498 2421 906 2475 maturantes
934 2433 950 2475 z
985 2407 1166 2500 quod
1201 2407 1488 2474 maxime
1525 2419 1796 2474 notatur
1832 2407 1902 2474 in
1934 2407 2203 2508 vitibus.
2232 2406 2571 2476 Vetustio-

496 2551 684 2619 ribus
716 2552 894 2618 enim
927 2551 1160 2618 vinum
1197 2547 1475 2617 melius:
1513 2547 1791 2618 novellis
1827 2550 2187 2644 copiosius..
2207 2548 2575 2620 Celerrime

495 2718 653 2762 vero
689 2661 964 2762 senescit
987 2743 1007 2779 ‚
1043 2706 1109 2760 et
1146 2692 1214 2760 in
1271 2706 1537 2761 senecta
1587 2693 1980 2762 deteriorem
2022 2692 2310 2762 fructum
2361 2691 2577 2787 gignit

498 2835 711 2940 malus
742 2862 758 2904 z
795 2861 1081 2930 namque
1122 2852 1188 2906 et
1221 2838 1486 2905 minora
1520 2862 1718 2932 poma
1757 2839 2192 2931 proveniunt,
2229 2854 2292 2907 et
2330 2839 2572 2906 vermi·

498 2979 664 3049 culis
705 2979 1013 3050 obnoxia.
1070 2979 1264 3067 Quin
1299 2993 1364 3047 et
1395 2979 1462 3046 in
1507 2979 1647 3075 ipsa
1686 2981 1921 3050 arbore
1957 2997 2338 3051 nascuntur.
2377 2984 2573 3051 Ficus

499 3124 640 3193 sola
680 3150 758 3194 ex
798 3126 1096 3194 omnium
1136 3125 1452 3197 arborum
1497 3129 1634 3199 fetu
1654 3182 1673 3216 ,
1708 3127 2105 3200 maturitatis
2136 3151 2332 3195 causa
2363 3127 2574 3195 medi-

496 3284 688 3337 catur
722 3296 739 3338 :
772 3272 910 3365 jani
948 3269 1213 3365 quidem
1248 3296 1329 3339 ex
1375 3274 1703 3371 portentis
1724 3323 1743 3361 ‚
1777 3271 2089 3366 quoniam
2130 3272 2381 3365 majora
2419 3285 2574 3339 sunt

498 3414 712 3505 pretia
739 3385 1174 3508 praeposteris.
1201 3418 1446 3486 Omnia
1468 3430 1690 3486 autem
1720 3414 1997 3485 celerius
2027 3431 2374 3485 senescunt
2406 3440 2574 3510 prae-

502 3554 805 3624 fecunda.
835 3557 1019 3643 Quin
1052 3571 1118 3624 et
1140 3560 1445 3652 protinus
1468 3563 1849 3630 moriuntur
1881 3560 2131 3654 aliqua,
2159 3559 2316 3629 caelo
2347 3560 2573 3630 fecun-

503 3700 779 3772 ditatem
814 3725 1081 3770 omnem
1108 3701 1447 3774 eblandito
1475 3730 1491 3773 ε
1519 3703 1699 3797 quod
1732 3704 2018 3773 maxime
2051 3704 2296 3773 vitibus
2330 3706 2569 3774 evenit.
