2941 4807
511 476 622 532 118
997 482 1061 535 C.
1102 480 1332 535 PLINII
1372 478 1570 544 HIST.
1611 477 1786 533 NAT.
1827 476 1966 532 LIB.
1993 475 2155 532 XVI.

508 605 694 673 ribus
729 603 945 674 lenem
984 622 1224 673 sonum
1253 603 1507 675 reddat.
1547 603 1779 674 Ederae
1811 602 1980 671 mira
2016 598 2328 697 proditur
2360 611 2607 667 natura

511 749 598 818 ad
636 748 1036 844 experienda
1065 750 1261 817 vina:
1305 749 1360 816 si
1399 772 1511 816 vas
1547 745 1666 815 fiat
1698 771 1734 817 e
1761 743 1947 841 ligno
1983 745 2160 838 ejus,
2202 743 2359 812 vina
2392 756 2608 810 trans-

511 893 751 981 fluere,
787 918 866 961 ac
904 915 1249 963 remanere
1289 915 1533 985 aquam
1556 940 1575 978 ,
1616 889 1672 958 si
1710 913 1849 985 qua
1884 887 2082 960 fuerit
2121 887 2349 957 mixta.
2448 902 2453 905 ’

714 1839 805 1893 De
831 1839 1108 1912 aquaticis
1137 1852 1168 1895 ε’
1186 1840 1259 1897 de
1284 1841 1514 1898 calamis
1544 1861 1558 1896 τ
1587 1841 1933 1898 arundinum
1959 1857 2168 1915 genera
2199 1857 2415 1896 xxvm.

622 2064 867 2132 LXIV.
919 2062 1030 2133 36.
1070 2068 1255 2134 Inter
1288 2091 1365 2135 ea
1387 2119 1406 2155 ‚
1441 2092 1593 2161 quae
1628 2065 1887 2162 frigidis
1929 2064 2222 2161 gaudent
2243 2118 2262 2152 ‚
2301 2077 2366 2133 et
2403 2086 2617 2156 aqua-

526 2202 695 2272 ticos
733 2204 1004 2275 frutices
1037 2207 1280 2278 dixisse
1318 2210 1700 2278 conveniat.
1752 2209 2218 2304 Principatum
2260 2209 2329 2276 in
2366 2207 2473 2275 his
2514 2220 2617 2274 te-

524 2349 783 2421 nebunt
822 2352 1221 2442 arundineS‚
1251 2354 1410 2426 belli
1445 2355 1761 2451 pacisque
1799 2354 2283 2451 experimentis
2322 2376 2623 2423 necessa·

523 2497 638 2566 riae
663 2548 682 2584 ‚
724 2512 925 2592 atque
977 2500 1179 2568 etiam
1219 2496 1478 2568 deliciis
1530 2514 1751 2595 gratae.
1805 2497 2062 2595 Tegulo
2103 2524 2335 2569 earum
2378 2497 2621 2570 domus

526 2664 681 2709 suas
696 2640 1245 2735 septentrionales
1267 2642 1502 2740 populi
1518 2646 1861 2741 operiunt,
1875 2643 2256 2738 durantque
2269 2642 2425 2712 aevis
2443 2658 2623 2712 tecta

530 2781 686 2852 alta.
722 2788 812 2853 Et
848 2786 917 2853 in
952 2785 1211 2882 reliquo
1254 2813 1416 2857 vero
1447 2790 1609 2858 orbe
1650 2813 1942 2858 cameras
1969 2784 2299 2856 levissime
2341 2810 2624 2880 suspen-

531 2925 720 2998 dunt.
774 2928 1172 3024 Chartisque
1225 2931 1529 3000 serviunt
1591 2929 1878 3019 calami,
1937 2929 2231 3025 AEgyptii
2285 2928 2579 2997 maxime
2605 2980 2626 3014 ,

532 3074 929 3167 cognatione
960 3071 1246 3167 quadam
1288 3074 1548 3171 papyri.
1598 3074 2023 3144 Probatiores
2070 3088 2294 3141 tamen
2343 3071 2581 3143 Gnidii
2606 3120 2626 3160 ‚

533 3231 602 3284 et
636 3219 754 3310 qui
781 3218 851 3285 in
876 3218 1036 3288 Asia
1063 3220 1237 3292 circa
1262 3217 1650 3292 Anaiticum
1681 3217 1901 3288 lacum
1928 3230 2315 3288 nascuntur.
2348 3217 2629 3286 Nostra·

532 3362 709 3432 tibus
746 3362 1095 3459 fungosior
1140 3365 1367 3436 subest
1405 3379 1651 3436 natura
1670 3415 1690 3451 ,
1736 3361 2123 3458 cartilagine
2152 3359 2385 3431 bibula
2414 3414 2435 3448 ,
2476 3385 2627 3455 quae

529 3532 704 3578 cavo
732 3532 1012 3602 corpore
1043 3512 1264 3598 intuS,
1302 3533 1587 3604 superne
1621 3510 1809 3578 tenui
1840 3508 2160 3577 inarescit
2192 3505 2417 3603 ligno:
2457 3506 2627 3575 fissi·

535 3652 616 3724 lis
652 3670 986 3749 praeacuta
1030 3679 1294 3750 semper
1330 3656 1516 3724 acie:
1561 3652 1955 3751 geniculata.
1996 3656 2241 3723 Cetero
2290 3650 2630 3747 gracilitas

538 3798 730 3869 nodis
756 3798 1100 3888 distincta,
1131 3796 1265 3870 leni
1293 3797 1561 3894 fastigio
1597 3813 1913 3867 tenuatur
1941 3799 2011 3866 in
2037 3798 2417 3884 cacumina,
2448 3822 2627 3867 cras-

536 3946 709 4015 siore
749 3944 1075 4040 paniculae
1111 3970 1303 4016 coma
1323 3997 1343 4034 ,
1382 3969 1599 4041 neque
1639 3945 1765 4014 hac
1798 3968 2233 4039 supervacua.
2271 3946 2411 4014 Aut
2448 3943 2627 4012 enim

536 4118 664 4187 pro
696 4091 922 4186 pluma
956 4105 1160 4164 strata
1193 4115 1654 4184 cauponarum
1686 4088 1901 4184 replet
1928 4115 1944 4159 z
1977 4105 2098 4160 aut
2121 4090 2235 4158 uhi
2267 4085 2628 4184 lignosiore
