2941 4807
2599 0 2873 429 ‘i

582 413 693 473 150
1040 419 1104 475 C.
1144 417 1609 475 PLINIMIIST.
1651 419 1825 475 NAT.
1866 419 2009 477 LIB.
2033 420 2191 477 XVI.

577 567 748 638 forte
783 567 1130 657 accidunt,
1169 567 1390 663 lapide
1426 568 1908 664 comprehenso
1946 584 2064 640 aut
2097 583 2370 665 recepto
2405 571 2480 640 in
2513 596 2661 641 cor-

576 736 734 807 puS‚
771 726 885 780 aut
925 709 1196 780 alterius
1232 711 1490 780 arboris
1523 737 1729 781 ramo.

675 1251 968 1344 Megaris
1001 1249 1118 1320 diu
1153 1253 1339 1321 stetit
1370 1252 1650 1323 oleaster
1681 1253 1755 1321 in
1786 1252 1967 1345 foro,
2005 1252 2115 1321 cui
2148 1250 2277 1327 viri
2312 1248 2519 1354 fortes
2550 1245 2669 1316 ad-

582 1393 869 1464 fixerant
898 1422 1083 1465 arma
1105 1447 1126 1483 ,
1162 1422 1312 1491 quae
1344 1397 1593 1468 cortice
1633 1398 1968 1467 ambiente
2003 1411 2159 1466 aetas
2199 1393 2400 1490 longa
2442 1392 2671 1462 occul-

585 1551 860 1606 taverat.
897 1512 1184 1633 Fuitque
1225 1542 1423 1609 arbor
1455 1539 1570 1610 illa
1605 1539 1823 1611 fatalis
1861 1540 2118 1610 excidio
2156 1528 2343 1608 urbis
2384 1560 2672 1633 praemo·

582 1682 739 1749 nitae
767 1681 1067 1769 oracuIO,
1091 1708 1300 1776 quum
1329 1685 1530 1753 arbor
1559 1709 1744 1754 arma
1770 1686 2167 1781 peperisset:
2195 1682 2376 1778 quod
2397 1682 2673 1751 succisae

586 1826 828 1896 accidit
854 1880 872 1913 ‚
934 1829 1144 1897 ocreis
1183 1828 1523 1924 galeisque
1564 1832 1743 1899 intus
1779 1832 2081 1925 repertis,
2124 1832 2378 1898 Ferunt
2411 1825 2673 1922 lapides

585 1971 678 2038 ita
713 1972 1019 2041 inventos
1043 2024 1063 2062 ,
1103 1971 1188 2040 ad
1226 1973 1666 2043 continendos
1700 1989 1933 2067 partus
1963 1997 2106 2043 esse
2139 1971 2456 2042 remedio.
2523 2053 2527 2057 ,

581 2526 599 2531 ·
679 2507 794 2588 lio}
824 2503 1250 2597 Amplissima
1268 2500 1588 2610 arborum
1610 2500 1697 2570 ad
1715 2500 1846 2571 hoc
1866 2503 1989 2570 aevi
2007 2502 2421 2570 existimatur
2433 2503 2671 2568 Romae

584 2645 754 2732 visa,
788 2670 991 2739 quam
1022 2660 1299 2740 propter
1324 2642 1724 2714 miraculum
1744 2645 2050 2715 Tiberius
2078 2648 2298 2716 Caesar
2324 2645 2395 2713 in
2427 2643 2670 2712 eodem

579 2804 786 2885 ponte
824 2789 1345 2861 Naumachiario
1385 2806 1782 2886 exposuerat
1825 2789 2169 2860 advectam
2213 2815 2368 2878 eum
2405 2787 2671 2883 reliqua

577 2935 852 3002 materie
881 2958 897 3000 ε
947 2931 1213 3003 duravit
1245 2934 1330 3003 ad
1369 2937 1661 3005 Neronis
1704 2936 2024 3032 principis
2055 2935 2668 3029 amphitheatrum.

578 3077 736 3144 Fuit
757 3092 979 3145 autem
1003 3053 1183 3146 trabs
1210 3077 1501 3174 ejarice,
1529 3075 1729 3173 longa
1760 3077 1964 3172 pedes
1995 3103 2144 3167 cxx,
2165 3077 2458 3173 bipedali
2489 3103 2672 3147 eras-

576 3214 868 3283 situdine
898 3213 1190 3309 aequalis,
1238 3218 1397 3305 Quo
1434 3212 1936 3310 intelligebatur
1979 3217 2091 3283 vix
2130 3214 2473 3285 credibilis
2508 3214 2668 3285 reli-

576 3371 709 3444 qua
749 3351 1069 3441 altitudo,
1105 3351 1441 3447 fastigium
1474 3352 1561 3422 ad
1599 3378 1921 3423 cacumen
1962 3353 2466 3422 aestimantibus.
2503 3354 2664 3421 Fuit

571 3458 893 3559 memoria
922 3506 1151 3560 nostra
1186 3505 1253 3558 et
1286 3491 1355 3557 in
1384 3490 1752 3584 porticibus
1783 3493 2141 3585 Septorum
2172 3516 2212 3559 a
2241 3492 2336 3559 M.
2358 3492 2660 3587 Agrippa

575 3624 831 3712 relicta,
867 3651 1054 3719 aeque
1095 3624 1397 3695 miraculi
1438 3651 1635 3696 eausa
1657 3678 1677 3715 ‚
1717 3651 1865 3719 quae
1894 3625 2273 3696 diribitorio
2313 3626 2663 3721 superfue-

575 3778 707 3852 rat,
734 3787 822 3831 xx
852 3763 1129 3858 pedibus
1158 3764 1458 3853 brevior,
1487 3763 1929 3860 sesquipedali
1959 3764 2417 3834 crassitudine.
2451 3766 2657 3835 Abies

571 3901 1028 3970 admirationis
1064 3901 1415 3996 praecipuae
1454 3900 1595 3969 visa
1631 3914 1731 3969 est
1766 3901 1837 3968 in
1863 3901 2050 3990 navi,
2082 3926 2229 3995 quae
2262 3927 2341 3972 ex
2371 3904 2660 3998 AEgypto

568 4040 712 4108 Caii
753 4040 1071 4134 principis
1099 4040 1323 4133 jussu,
1360 4037 1732 4107 obeliscum
1767 4039 1836 4107 in
1869 4039 2197 4108 Vaticano
2231 4040 2411 4109 circo
2448 4054 2660 4110 statu·
