2941 4807
503 386 611 445 156
922 401 926 410 “
988 391 1050 447 Ο.
1094 391 1330 447 PLan
1372 390 1566 448 HIST.
1610 386 1801 447 NA'I'.v
1832 392 1970 449 LIB.
1999 390 2161 447 XVI.

505 539 770 610 semper
803 514 1043 610 lapidis
1085 518 1345 587 occasio
1384 532 1502 586 est.
1547 519 1820 587 Teritur
1869 540 2030 612 ergo
2070 515 2331 612 lignum
2370 514 2561 611 ligno
2577 566 2599 604 ‚

495 662 855 756 ignemque
896 663 1193 756 concipit
1233 661 1489 731 adtritu
1518 714 1537 748 ,
1579 662 1949 757 excipiente
1982 663 2258 730 materia
2284 659 2456 730 aridi
2496 660 2601 728 fo-

504 808 714 890 mitis,
760 804 948 900 fungi
992 804 1096 875 vel
1141 803 1457 876 foliorum
1505 772 1820 877 facillimo
1857 776 2210 903 conceptu.
2257 806 2389 876 Sed
2430 805 2602 874 nihil

500 948 695 1019 edera
735 923 1157 1045 praestantius
1196 976 1345 1046 quae
1384 934 1679 1039 teratur.
1712 949 1903 1021 lauro
1938 977 2086 1047 quae
2118 966 2311 1038 terat.
2350 950 2605 1019 Proba-

502 1107 616 1161 tur
650 1108 715 1163 et
746 1094 900 1163 vitis
934 1092 1289 1182 silvestriS,
1332 1093 1463 1163 alia
1488 1118 1693 1189 quam
1735 1092 2073 1182 labrusca,
2108 1108 2177 1164 et
2207 1096 2351 1190 ipsa
2383 1092 2604 1161 ederae

463 1320 470 1327 ι
499 1236 701 1307 modo
730 1237 1041 1307 arborem
1067 1236 1412 1308 scandenS.
1437 1237 1901 1333 Frigidissima
1928 1250 2365 1332 quaecumque
2396 1261 2601 1331 aqua-

502 1383 632 1469 tica
646 1394 670 1449 t'
686 1381 1054 1451 lentissima
1074 1392 1296 1453 autem
1314 1436 1333 1470 ‚
1359 1397 1426 1452 et
1456 1382 1606 1452 ideo
1628 1383 1832 1452 scutis
1857 1381 2558 1476 faciendis'aptissima
2577 1431 2598 1466 ‚

502 1550 790 1620 quorum
823 1524 1024 1622 ‘plaga
1064 1527 1405 1595 contrahit
1440 1550 1509 1595 se
1546 1527 1855 1639 protinus
1881 1579 1900 1613 ,
1952 1525 2336 1620 clauditque
2393 1548 2597 1592 suum

503 1666 783 1758 vulnuS,
808 1684 876 1738 et
904 1669 990 1737 ob
1019 1669 1085 1737 id
1118 1671 1582 1739 contumacius
1615 1671 2015 1739 transmittit
2038 1669 2326 1738 ferrum:
2354 1670 2424 1736 in
2455 1692 2596 1762 quo

494 1806 653 1883 sunt
692 1837 934 1909 genere
969 1812 1113 1900 fici,
1153 1811 1353 1902 salix,
1395 1810 1539 1883 tilia
1561 1866 1579 1900 ‚
1619 1812 1872 1882 betulla
1898 1866 1918 1898 ‚
1951 1812 2336 1899 sambucus,
2371 1837 2598 1908 popu-

460 1981 464 1986 ·
494 1956 599 2029 lus
626 1968 927 2051 utraque.
963 1958 1323 2027 Levissima
1353 1982 1434 2026 ex
1470 1957 1575 2025 his
1609 1956 1774 2026 ficus
1806 1970 1872 2029 et
1900 1955 2063 2025 salix
2083 2008 2103 2043 ,
2137 1955 2423 2049 ideoque
2460 1957 2596 2025 uti-

503 2101 790 2172 lissimae.
830 2105 1085 2171 Omnes
1128 2115 1351 2170 autem
1412 2099 1497 2170 ad
1557 2100 1750 2170 cistas
1777 2151 1795 2185 ‚
1848 2113 2127 2193 quaeque
2168 2060 2371 2167 flexili
2412 2111 2600 2167 crate

499 2262 828 2317 constant.
859 2247 1128 2316 Habent
1146 2262 1211 2316 et
1230 2245 1618 2335 candorem,
1641 2247 2097 2341 rigoremque,
2119 2245 2275 2314 etin
2295 2243 2599 2339 sculptu-

498 2393 588 2462 ris
627 2391 1036 2464 facilitatem.
1064 2393 1067 2396 ’
1092 2396 1212 2462 Est
1254 2371 1814 2487 lentitia'platano
1840 2446 1859 2478 ‚
1898 2389 2013 2460 sed
2056 2389 2320 2460 madida
2353 2442 2372 2477 ,
2426 2391 2600 2459 sicut

495 2537 673 2610 alno.
714 2540 969 2608 Siccior
1011 2536 1242 2606 eadem
1280 2534 1465 2606 ulmo
1487 2588 1506 2623 ‚
1546 2536 1805 2605 fraxino
1830 2589 1849 2621 ‚
1886 2560 2079 2646 moro
2112 2561 2128 2603 z
2170 2559 2398 2604 ceraso
2421 2587 2440 2622 ,
2480 2534 2598 2603 sed

495 2682 966 2781 ponderosior.
1018 2681 1339 2776 Rigorem
1397 2680 1756 2750 fortissime
1812 2693 2037 2749 servat
2080 2680 2342 2747 ulmus:
2398 2679 2489 2747 ob
2531 2678 2598 2746 id

500 2825 890 2896 cardinibus
913 2876 931 2910 ‚
972 2827 1568 2918 crassamentisque
1607 2840 1954 2919 portarum
1994 2822 2342 2893 utilissima
2365 2875 2385 2911 ‚
2429 2847 2597 2917 quo-

449 3069 454 3074 ·
501 2971 683 3040 niam
712 2970 985 3037 minime
1019 2983 1412 3061 torquetur:
1444 2964 1888 3061 permutanda
1924 2982 2185 3036 tantum
2222 2963 2344 3053 sic,
2383 2983 2458 3037 ut
2490 2993 2597 3037 ca·
2684 3033 2687 3036 .

500 3139 738 3183 cumen
778 3114 863 3183 ab
902 3112 1216 3183 inferiore
1253 3113 1337 3181 sit
1377 3112 1689 3197 cardine,
1728 3112 1919 3180 radix
1967 3113 2285 3206 superior.
2342 3139 2347 3150 τ
