<?xml version="1.0" encoding="UTF-8"?>
<!DOCTYPE html PUBLIC "-//W3C//DTD XHTML 1.0 Transitional//EN"
    "http://www.w3.org/TR/xhtml1/DTD/xhtml1-transitional.dtd">
<html xmlns="http://www.w3.org/1999/xhtml" xml:lang="en" lang="en">
 <head>
  <title>
</title>
<meta http-equiv="Content-Type" content="text/html;charset=utf-8" />
  <meta name='ocr-system' content='tesseract 3.04.00' />
  <meta name='ocr-capabilities' content='ocr_page ocr_carea ocr_par ocr_line ocrx_word'/>
</head>
<body>
  <div class='ocr_page' id='page_1' title='image "./histoirenaturel00grangoog_0062.png"; bbox 0 0 2941 4807; ppageno 0'>
   <div class='ocr_carea' id='block_1_1' title="bbox 498 436 2600 1672">
    <p class='ocr_par' dir='ltr' id='par_1_1' title="bbox 498 436 2120 494">
     <span class='ocr_line' id='line_1_1' title="bbox 498 436 2120 494; baseline -0.001 0"><span class='ocrx_word' id='word_1_1' title='bbox 498 437 572 494; x_wconf 83' lang='lat'>52</span> <span class='ocrx_word' id='word_1_2' title='bbox 964 436 1026 490; x_wconf 85' lang='lat' dir='ltr'>C.</span> <span class='ocrx_word' id='word_1_3' title='bbox 1069 437 1307 492; x_wconf 83' lang='lat' dir='ltr'>PLlNll</span> <span class='ocrx_word' id='word_1_4' title='bbox 1347 437 1540 492; x_wconf 87' lang='lat' dir='ltr'><strong>HIST.</strong></span> <span class='ocrx_word' id='word_1_5' title='bbox 1586 438 1756 492; x_wconf 78' lang='lat' dir='ltr'>NAT.</span> <span class='ocrx_word' id='word_1_6' title='bbox 1799 437 1936 493; x_wconf 91' lang='lat' dir='ltr'><strong>LIB.</strong></span> <span class='ocrx_word' id='word_1_7' title='bbox 1964 437 2120 492; x_wconf 82' lang='lat' dir='ltr'><strong>XVI.</strong></span> 
     </span>
    </p>

    <p class='ocr_par' dir='ltr' id='par_1_2' title="bbox 500 562 2600 1672">
     <span class='ocr_line' id='line_1_2' title="bbox 502 562 2596 660; baseline -0.002 -26"><span class='ocrx_word' id='word_1_8' title='bbox 502 566 633 634; x_wconf 89' lang='lat' dir='ltr'>tior</span> <span class='ocrx_word' id='word_1_9' title='bbox 677 563 836 649; x_wconf 81' lang='lat' dir='ltr'>fuit,</span> <span class='ocrx_word' id='word_1_10' title='bbox 865 589 903 632; x_wconf 86' lang='lat' dir='ltr'>a</span> <span class='ocrx_word' id='word_1_11' title='bbox 938 562 1381 633; x_wconf 82' lang='lat' dir='ltr'>similitudine</span> <span class='ocrx_word' id='word_1_12' title='bbox 1403 565 1632 635; x_wconf 87' lang='lat' dir='ltr'>caudae</span> <span class='ocrx_word' id='word_1_13' title='bbox 1665 590 2003 660; x_wconf 89' lang='lat' dir='ltr'>pavonum</span> <span class='ocrx_word' id='word_1_14' title='bbox 2040 589 2288 635; x_wconf 90' lang='lat' dir='ltr'>nomen</span> <span class='ocrx_word' id='word_1_15' title='bbox 2315 562 2596 656; x_wconf 84' lang='lat' dir='ltr'>accepit,</span> 
     </span>
     <span class='ocr_line' id='line_1_3' title="bbox 501 708 2594 805; baseline -0.003 -26"><span class='ocrx_word' id='word_1_16' title='bbox 501 714 568 779; x_wconf 85' lang='lat' dir='ltr'>i&#39;n</span> <span class='ocrx_word' id='word_1_17' title='bbox 603 711 801 779; x_wconf 91' lang='lat' dir='ltr'>Istria</span> <span class='ocrx_word' id='word_1_18' title='bbox 820 761 838 798; x_wconf 90' lang='lat'>,</span> <span class='ocrx_word' id='word_1_19' title='bbox 892 708 1285 804; x_wconf 85' lang='lat' dir='ltr'>Rhaetiaque</span> <span class='ocrx_word' id='word_1_20' title='bbox 1322 712 1749 805; x_wconf 77' lang='lat' dir='ltr'>praecipuum.</span> <span class='ocrx_word' id='word_1_21' title='bbox 1785 714 1842 780; x_wconf 92' lang='lat' dir='ltr'><strong>E</strong></span> <span class='ocrx_word' id='word_1_22' title='bbox 1874 708 2109 779; x_wconf 88' lang='lat' dir='ltr'>viliore</span> <span class='ocrx_word' id='word_1_23' title='bbox 2142 730 2381 804; x_wconf 85' lang='lat' dir='ltr'>genere</span> <span class='ocrx_word' id='word_1_24' title='bbox 2413 729 2594 774; x_wconf 88' lang='lat' dir='ltr'>cras-</span> 
     </span>
     <span class='ocr_line' id='line_1_4' title="bbox 501 848 2594 946; baseline -0.003 -24"><span class='ocrx_word' id='word_1_25' title='bbox 501 855 829 923; x_wconf 87' lang='lat' dir='ltr'>sivenium</span> <span class='ocrx_word' id='word_1_26' title='bbox 853 867 1152 922; x_wconf 87' lang='lat' dir='ltr'>vocatur.</span> <span class='ocrx_word' id='word_1_27' title='bbox 1183 848 1404 921; x_wconf 78' lang='lat' dir='ltr'>Graeci</span> <span class='ocrx_word' id='word_1_28' title='bbox 1425 853 1563 921; x_wconf 91' lang='lat' dir='ltr'>situ</span> <span class='ocrx_word' id='word_1_29' title='bbox 1582 852 1989 923; x_wconf 87' lang='lat' dir='ltr'>discernunt.</span> <span class='ocrx_word' id='word_1_30' title='bbox 2010 856 2398 946; x_wconf 82' lang='lat' dir='ltr'>Campestre</span> <span class='ocrx_word' id='word_1_31' title='bbox 2416 851 2594 918; x_wconf 91' lang='lat' dir='ltr'>enim</span> 
     </span>
     <span class='ocr_line' id='line_1_5' title="bbox 500 996 2595 1093; baseline -0.003 -26"><span class='ocrx_word' id='word_1_32' title='bbox 500 997 863 1074; x_wconf 84' lang='lat' dir='ltr'>candidum</span> <span class='ocrx_word' id='word_1_33' title='bbox 898 1022 1069 1086; x_wconf 89' lang='lat' dir='ltr'>esse,</span> <span class='ocrx_word' id='word_1_34' title='bbox 1101 1021 1223 1066; x_wconf 90' lang='lat' dir='ltr'>nec</span> <span class='ocrx_word' id='word_1_35' title='bbox 1261 999 1593 1091; x_wconf 89' lang='lat' dir='ltr'>crispum,</span> <span class='ocrx_word' id='word_1_36' title='bbox 1624 998 1806 1091; x_wconf 92' lang='lat' dir='ltr'>quod</span> <span class='ocrx_word' id='word_1_37' title='bbox 1835 996 2063 1093; x_wconf 87' lang='lat' dir='ltr'>glinon</span> <span class='ocrx_word' id='word_1_38' title='bbox 2090 1010 2370 1066; x_wconf 86' lang='lat' dir='ltr'>vocant:</span> <span class='ocrx_word' id='word_1_39' title='bbox 2402 1018 2595 1062; x_wconf 93' lang='lat' dir='ltr'>mon-</span> 
     </span>
     <span class='ocr_line' id='line_1_6' title="bbox 501 1135 2595 1237; baseline -0.004 -24"><span class='ocrx_word' id='word_1_40' title='bbox 501 1161 734 1214; x_wconf 80' lang='lat' dir='ltr'>tanum</span> <span class='ocrx_word' id='word_1_41' title='bbox 778 1169 937 1213; x_wconf 85' lang='lat' dir='ltr'>vero</span> <span class='ocrx_word' id='word_1_42' title='bbox 975 1144 1296 1237; x_wconf 77' lang='lat' dir='ltr'>crispiuS‚</span> <span class='ocrx_word' id='word_1_43' title='bbox 1346 1142 1713 1236; x_wconf 88' lang='lat' dir='ltr'>duriusque</span> <span class='ocrx_word' id='word_1_44' title='bbox 1755 1168 1770 1210; x_wconf 77' lang='lat' dir='ltr'>t</span> <span class='ocrx_word' id='word_1_45' title='bbox 1810 1144 2182 1211; x_wconf 83' lang='lat' dir='ltr'>etiamnum</span> <span class='ocrx_word' id='word_1_46' title='bbox 2220 1167 2256 1211; x_wconf 91' lang='lat' dir='ltr'>e</span> <span class='ocrx_word' id='word_1_47' title='bbox 2299 1135 2595 1208; x_wconf 89' lang='lat' dir='ltr'>mascula</span> 
     </span>
     <span class='ocr_line' id='line_1_7' title="bbox 501 1285 2595 1383; baseline -0.003 -25"><span class='ocrx_word' id='word_1_48' title='bbox 501 1290 785 1383; x_wconf 87' lang='lat' dir='ltr'>crispius</span> <span class='ocrx_word' id='word_1_49' title='bbox 821 1287 907 1356; x_wconf 89' lang='lat' dir='ltr'>ad</span> <span class='ocrx_word' id='word_1_50' title='bbox 946 1286 1233 1356; x_wconf 86' lang='lat' dir='ltr'>lautiora</span> <span class='ocrx_word' id='word_1_51' title='bbox 1273 1310 1497 1381; x_wconf 84' lang='lat' dir='ltr'>opera.</span> <span class='ocrx_word' id='word_1_52' title='bbox 1545 1287 1851 1356; x_wconf 90' lang='lat' dir='ltr'>Tertium</span> <span class='ocrx_word' id='word_1_53' title='bbox 1894 1310 2103 1382; x_wconf 89' lang='lat' dir='ltr'>genus</span> <span class='ocrx_word' id='word_1_54' title='bbox 2150 1285 2437 1380; x_wconf 87' lang='lat' dir='ltr'>zygiam‚</span> <span class='ocrx_word' id='word_1_55' title='bbox 2479 1307 2595 1351; x_wconf 90' lang='lat' dir='ltr'>ru-</span> 
     </span>
     <span class='ocr_line' id='line_1_8' title="bbox 502 1402 2595 1526; baseline -0.003 -26"><span class='ocrx_word' id='word_1_56' title='bbox 502 1433 809 1518; x_wconf 89' lang='lat' dir='ltr'>bentem,</span> <span class='ocrx_word' id='word_1_57' title='bbox 850 1429 1034 1500; x_wconf 89' lang='lat' dir='ltr'>fissili</span> <span class='ocrx_word' id='word_1_58' title='bbox 1069 1429 1581 1526; x_wconf 72' lang='lat' dir='ltr'>ligno‚“cortice</span> <span class='ocrx_word' id='word_1_59' title='bbox 1614 1402 1865 1516; x_wconf 81' lang='lat' dir='ltr'>livido‘,</span> <span class='ocrx_word' id='word_1_60' title='bbox 1906 1444 1972 1497; x_wconf 89' lang='lat' dir='ltr'>et</span> <span class='ocrx_word' id='word_1_61' title='bbox 2007 1429 2260 1497; x_wconf 78' lang='lat' dir='ltr'>scabro,</span> <span class='ocrx_word' id='word_1_62' title='bbox 2303 1430 2449 1496; x_wconf 91' lang='lat' dir='ltr'>Hoc</span> <span class='ocrx_word' id='word_1_63' title='bbox 2480 1424 2595 1495; x_wconf 89' lang='lat' dir='ltr'>alii</span> 
     </span>
     <span class='ocr_line' id='line_1_9' title="bbox 508 1571 2600 1672; baseline -0.003 -28"><span class='ocrx_word' id='word_1_64' title='bbox 508 1577 768 1672; x_wconf 84' lang='lat' dir='ltr'>generis</span> <span class='ocrx_word' id='word_1_65' title='bbox 826 1574 1082 1670; x_wconf 88' lang='lat' dir='ltr'>proprii</span> <span class='ocrx_word' id='word_1_66' title='bbox 1141 1598 1282 1642; x_wconf 87' lang='lat' dir='ltr'>esse</span> <span class='ocrx_word' id='word_1_67' title='bbox 1332 1571 1595 1641; x_wconf 86' lang='lat' dir='ltr'>malunt</span> <span class='ocrx_word' id='word_1_68' title='bbox 1623 1627 1640 1654; x_wconf 83' lang='lat'>‚</span> <span class='ocrx_word' id='word_1_69' title='bbox 1697 1588 1763 1644; x_wconf 85' lang='lat' dir='ltr'>et</span> <span class='ocrx_word' id='word_1_70' title='bbox 1811 1572 2015 1642; x_wconf 89' lang='lat' dir='ltr'>latine</span> <span class='ocrx_word' id='word_1_71' title='bbox 2069 1574 2420 1666; x_wconf 82' lang='lat' dir='ltr'>carpinum</span> <span class='ocrx_word' id='word_1_72' title='bbox 2479 1594 2600 1665; x_wconf 91' lang='lat' dir='ltr'>ap-</span> 
     </span>
    </p>
   </div>
   <div class='ocr_carea' id='block_1_2' title="bbox 508 1719 784 1814">
    <p class='ocr_par' dir='ltr' id='par_1_3' title="bbox 508 1719 784 1814">
     <span class='ocr_line' id='line_1_10' title="bbox 508 1719 784 1814; baseline -0.004 -26"><span class='ocrx_word' id='word_1_73' title='bbox 508 1719 784 1814; x_wconf 85' lang='lat' dir='ltr'>pellant.</span> 
     </span>
    </p>
   </div>
   <div class='ocr_carea' id='block_1_3' title="bbox 906 2337 2211 2414">
    <p class='ocr_par' dir='ltr' id='par_1_4' title="bbox 906 2337 2211 2414">
     <span class='ocr_line' id='line_1_11' title="bbox 906 2337 2211 2414; baseline -0.003 -18"><span class='ocrx_word' id='word_1_74' title='bbox 906 2341 1178 2396; x_wconf 90' lang='lat' dir='ltr'>Bruscum</span> <span class='ocrx_word' id='word_1_75' title='bbox 1209 2360 1220 2393; x_wconf 96' lang='lat'><strong>:</strong></span> <span class='ocrx_word' id='word_1_76' title='bbox 1257 2339 1633 2394; x_wconf 88' lang='lat' dir='ltr'>molluscum:</span> <span class='ocrx_word' id='word_1_77' title='bbox 1668 2337 2211 2414; x_wconf 85' lang='lat' dir='ltr'>staphylodendron.</span> 
     </span>
    </p>
   </div>
   <div class='ocr_carea' id='block_1_4' title="bbox 1849 2521 1876 2528">
    <p class='ocr_par' dir='ltr' id='par_1_5' title="bbox 1849 2521 1876 2528">
     <span class='ocr_line' id='line_1_12' title="bbox 1849 2521 1876 2528; baseline 0 0"><span class='ocrx_word' id='word_1_78' title='bbox 1849 2521 1876 2528; x_wconf 34' lang='grc' dir='ltr'>ι</span> 
     </span>
    </p>
   </div>
   <div class='ocr_carea' id='block_1_5' title="bbox 496 2560 2612 4014">
    <p class='ocr_par' dir='ltr' id='par_1_6' title="bbox 496 2560 2612 4000">
     <span class='ocr_line' id='line_1_13' title="bbox 607 2560 2602 2651; baseline -0.001 -18"><span class='ocrx_word' id='word_1_79' title='bbox 607 2568 893 2636; x_wconf 90' lang='lat' dir='ltr'><strong>XXVII.</strong></span> <span class='ocrx_word' id='word_1_80' title='bbox 943 2564 1045 2635; x_wconf 86' lang='lat'>16.</span> <span class='ocrx_word' id='word_1_81' title='bbox 1079 2563 1617 2634; x_wconf 80' lang='lat' dir='ltr'>pulcherrimum</span> <span class='ocrx_word' id='word_1_82' title='bbox 1655 2590 1811 2634; x_wconf 88' lang='lat' dir='ltr'>vero</span> <span class='ocrx_word' id='word_1_83' title='bbox 1842 2579 1941 2633; x_wconf 89' lang='lat' dir='ltr'>est</span> <span class='ocrx_word' id='word_1_84' title='bbox 1974 2561 2322 2651; x_wconf 71' lang='lat' dir='ltr'>bruscum,</span> <span class='ocrx_word' id='word_1_85' title='bbox 2352 2560 2602 2632; x_wconf 89' lang='lat' dir='ltr'>multo-</span> 
     </span>
     <span class='ocr_line' id='line_1_14' title="bbox 514 2710 2607 2808; baseline -0.001 -26"><span class='ocrx_word' id='word_1_86' title='bbox 514 2739 644 2808; x_wconf 91' lang='lat' dir='ltr'>que</span> <span class='ocrx_word' id='word_1_87' title='bbox 678 2711 1111 2782; x_wconf 86' lang='lat' dir='ltr'>excellentius</span> <span class='ocrx_word' id='word_1_88' title='bbox 1143 2712 1513 2781; x_wconf 84' lang='lat' dir='ltr'>etiamnum</span> <span class='ocrx_word' id='word_1_89' title='bbox 1547 2710 1968 2782; x_wconf 89' lang='lat' dir='ltr'>molluscum.</span> <span class='ocrx_word' id='word_1_90' title='bbox 1994 2712 2220 2780; x_wconf 84' lang='lat' dir='ltr'>Tuber</span> <span class='ocrx_word' id='word_1_91' title='bbox 2245 2725 2607 2805; x_wconf 89' lang='lat' dir='ltr'>utrumque</span> 
     </span>
     <span class='ocr_line' id='line_1_15' title="bbox 512 2857 2605 2954; baseline -0.001 -26"><span class='ocrx_word' id='word_1_92' title='bbox 512 2860 772 2929; x_wconf 87' lang='lat' dir='ltr'>arboris</span> <span class='ocrx_word' id='word_1_93' title='bbox 829 2862 1016 2954; x_wconf 87' lang='lat' dir='ltr'>ejus:</span> <span class='ocrx_word' id='word_1_94' title='bbox 1064 2859 1384 2928; x_wconf 86' lang='lat' dir='ltr'>bruscum</span> <span class='ocrx_word' id='word_1_95' title='bbox 1432 2860 1751 2928; x_wconf 86' lang='lat' dir='ltr'>intortius</span> <span class='ocrx_word' id='word_1_96' title='bbox 1802 2860 2097 2953; x_wconf 90' lang='lat' dir='ltr'>crispum</span> <span class='ocrx_word' id='word_1_97' title='bbox 2132 2886 2147 2928; x_wconf 75' lang='grc' dir='ltr'>ε</span> <span class='ocrx_word' id='word_1_98' title='bbox 2209 2857 2605 2928; x_wconf 89' lang='lat' dir='ltr'>molluscum</span> 
     </span>
     <span class='ocr_line' id='line_1_16' title="bbox 512 3007 2604 3104; baseline 0 -27"><span class='ocrx_word' id='word_1_99' title='bbox 512 3008 880 3104; x_wconf 89' lang='lat' dir='ltr'>simplicius</span> <span class='ocrx_word' id='word_1_100' title='bbox 910 3034 1235 3103; x_wconf 87' lang='lat' dir='ltr'>sparsum.</span> <span class='ocrx_word' id='word_1_101' title='bbox 1274 3012 1362 3078; x_wconf 89' lang='lat' dir='ltr'>Et</span> <span class='ocrx_word' id='word_1_102' title='bbox 1400 3011 1454 3076; x_wconf 92' lang='lat' dir='ltr'>si</span> <span class='ocrx_word' id='word_1_103' title='bbox 1496 3007 2031 3103; x_wconf 87' lang='lat' dir='ltr'>magnitudinem</span> <span class='ocrx_word' id='word_1_104' title='bbox 2065 3033 2461 3077; x_wconf 85' lang='lat' dir='ltr'>mensarum</span> <span class='ocrx_word' id='word_1_105' title='bbox 2493 3034 2604 3078; x_wconf 85' lang='lat' dir='ltr'>ca·</span> 
     </span>
     <span class='ocr_line' id='line_1_17' title="bbox 512 3156 2599 3253; baseline -0.001 -26"><span class='ocrx_word' id='word_1_106' title='bbox 512 3173 735 3252; x_wconf 86' lang='lat' dir='ltr'>peret,</span> <span class='ocrx_word' id='word_1_107' title='bbox 771 3156 952 3226; x_wconf 89' lang='lat' dir='ltr'>haud</span> <span class='ocrx_word' id='word_1_108' title='bbox 995 3157 1196 3227; x_wconf 87' lang='lat' dir='ltr'>dubie</span> <span class='ocrx_word' id='word_1_109' title='bbox 1234 3156 1660 3252; x_wconf 64' lang='lat' dir='ltr'>praeferretur</span> <span class='ocrx_word' id='word_1_110' title='bbox 1698 3157 1887 3226; x_wconf 90' lang='lat' dir='ltr'>citro.</span> <span class='ocrx_word' id='word_1_111' title='bbox 1931 3158 2129 3227; x_wconf 91' lang='lat' dir='ltr'>Nunc</span> <span class='ocrx_word' id='word_1_112' title='bbox 2165 3158 2341 3225; x_wconf 88' lang='lat' dir='ltr'>intra</span> <span class='ocrx_word' id='word_1_113' title='bbox 2381 3156 2599 3253; x_wconf 88' lang='lat' dir='ltr'>pugil-</span> 
     </span>
     <span class='ocr_line' id='line_1_18' title="bbox 513 3303 2606 3401; baseline 0 -27"><span class='ocrx_word' id='word_1_114' title='bbox 513 3305 683 3375; x_wconf 88' lang='lat' dir='ltr'>lares</span> <span class='ocrx_word' id='word_1_115' title='bbox 705 3360 722 3392; x_wconf 90' lang='lat'>‚</span> <span class='ocrx_word' id='word_1_116' title='bbox 764 3304 1225 3399; x_wconf 88' lang='lat' dir='ltr'>lectorumque</span> <span class='ocrx_word' id='word_1_117' title='bbox 1260 3304 1507 3374; x_wconf 92' lang='lat' dir='ltr'>silicios</span> <span class='ocrx_word' id='word_1_118' title='bbox 1532 3356 1551 3390; x_wconf 89' lang='lat'>,</span> <span class='ocrx_word' id='word_1_119' title='bbox 1595 3320 1711 3373; x_wconf 89' lang='lat' dir='ltr'>aut</span> <span class='ocrx_word' id='word_1_120' title='bbox 1745 3303 2025 3374; x_wconf 88' lang='lat' dir='ltr'>laminas</span> <span class='ocrx_word' id='word_1_121' title='bbox 2064 3329 2219 3374; x_wconf 88' lang='lat' dir='ltr'>raro</span> <span class='ocrx_word' id='word_1_122' title='bbox 2260 3330 2386 3374; x_wconf 91' lang='lat' dir='ltr'>usu</span> <span class='ocrx_word' id='word_1_123' title='bbox 2417 3331 2606 3401; x_wconf 89' lang='lat' dir='ltr'>spec-</span> 
     </span>
     <span class='ocr_line' id='line_1_19' title="bbox 512 3452 2602 3549; baseline -0 -25"><span class='ocrx_word' id='word_1_124' title='bbox 512 3470 715 3524; x_wconf 88' lang='lat' dir='ltr'>tatur.</span> <span class='ocrx_word' id='word_1_125' title='bbox 755 3459 810 3525; x_wconf 92' lang='lat' dir='ltr'><strong>E</strong></span> <span class='ocrx_word' id='word_1_126' title='bbox 847 3456 1090 3523; x_wconf 89' lang='lat' dir='ltr'>brusco</span> <span class='ocrx_word' id='word_1_127' title='bbox 1133 3452 1307 3523; x_wconf 90' lang='lat' dir='ltr'>fiunt</span> <span class='ocrx_word' id='word_1_128' title='bbox 1350 3467 1418 3521; x_wconf 87' lang='lat' dir='ltr'>et</span> <span class='ocrx_word' id='word_1_129' title='bbox 1451 3477 1708 3540; x_wconf 11' lang='lat' dir='ltr'>mensae*</span> <span class='ocrx_word' id='word_1_130' title='bbox 1736 3454 2205 3547; x_wconf 85' lang='lat' dir='ltr'>nigrescentes.</span> <span class='ocrx_word' id='word_1_131' title='bbox 2241 3455 2602 3549; x_wconf 89' lang='lat' dir='ltr'>Reperitur</span> 
     </span>
     <span class='ocr_line' id='line_1_20' title="bbox 514 3595 2612 3695; baseline -0 -21"><span class='ocrx_word' id='word_1_132' title='bbox 514 3621 583 3675; x_wconf 84' lang='lat' dir='ltr'>et</span> <span class='ocrx_word' id='word_1_133' title='bbox 624 3606 691 3672; x_wconf 93' lang='lat' dir='ltr'>in</span> <span class='ocrx_word' id='word_1_134' title='bbox 726 3602 890 3682; x_wconf 91' lang='lat' dir='ltr'>alno</span> <span class='ocrx_word' id='word_1_135' title='bbox 922 3595 1157 3672; x_wconf 85' lang='lat' dir='ltr'>tuber:</span> <span class='ocrx_word' id='word_1_136' title='bbox 1197 3616 1389 3670; x_wconf 89' lang='lat' dir='ltr'>tanto</span> <span class='ocrx_word' id='word_1_137' title='bbox 1420 3601 1745 3687; x_wconf 86' lang='lat' dir='ltr'>deterius,</span> <span class='ocrx_word' id='word_1_138' title='bbox 1782 3616 2037 3695; x_wconf 88' lang='lat' dir='ltr'>quanto</span> <span class='ocrx_word' id='word_1_139' title='bbox 2071 3602 2155 3670; x_wconf 90' lang='lat' dir='ltr'>ab</span> <span class='ocrx_word' id='word_1_140' title='bbox 2194 3628 2383 3673; x_wconf 88' lang='lat' dir='ltr'>acere</span> <span class='ocrx_word' id='word_1_141' title='bbox 2410 3602 2612 3673; x_wconf 50' lang='lat' dir='ltr'>alnus»</span> 
     </span>
     <span class='ocr_line' id='line_1_21' title="bbox 515 3741 2605 3849; baseline 0 -25"><span class='ocrx_word' id='word_1_142' title='bbox 515 3758 661 3849; x_wconf 89' lang='lat' dir='ltr'>ipsa</span> <span class='ocrx_word' id='word_1_143' title='bbox 697 3754 917 3823; x_wconf 81' lang='lat' dir='ltr'>distat.</span> <span class='ocrx_word' id='word_1_144' title='bbox 947 3752 1179 3823; x_wconf 89' lang='lat' dir='ltr'>Aceris</span> <span class='ocrx_word' id='word_1_145' title='bbox 1208 3776 1424 3820; x_wconf 89' lang='lat' dir='ltr'>mares</span> <span class='ocrx_word' id='word_1_146' title='bbox 1453 3753 1643 3847; x_wconf 88' lang='lat' dir='ltr'>prius</span> <span class='ocrx_word' id='word_1_147' title='bbox 1678 3751 1940 3821; x_wconf 90' lang='lat' dir='ltr'>ssorent.</span> <span class='ocrx_word' id='word_1_148' title='bbox 1963 3741 2399 3823; x_wconf 83' lang='lat' dir='ltr'>Etiamnum</span> <span class='ocrx_word' id='word_1_149' title='bbox 2381 3781 2451 3823; x_wconf 77' lang='lat' dir='ltr'>ln</span> <span class='ocrx_word' id='word_1_150' title='bbox 2481 3757 2605 3825; x_wconf 89' lang='lat' dir='ltr'>sic-</span> 
     </span>
     <span class='ocr_line' id='line_1_22' title="bbox 496 3882 2605 4014; baseline 0.001 -41"><span class='ocrx_word' id='word_1_151' title='bbox 496 3894 609 4008; x_wconf 77' lang='lat' dir='ltr'>:cis</span> <span class='ocrx_word' id='word_1_152' title='bbox 656 3919 828 3973; x_wconf 89' lang='lat' dir='ltr'>natae</span> <span class='ocrx_word' id='word_1_153' title='bbox 869 3901 1317 3996; x_wconf 77' lang='lat' dir='ltr'>praeferuntur</span> <span class='ocrx_word' id='word_1_154' title='bbox 1352 3903 1718 3998; x_wconf 89' lang='lat' dir='ltr'>aquaticis</span> <span class='ocrx_word' id='word_1_155' title='bbox 1759 3903 1932 4002; x_wconf 83' lang='lat' dir='ltr'>sicut</span> <span class='ocrx_word' id='word_1_156' title='bbox 1968 3918 2034 3971; x_wconf 93' lang='lat' dir='ltr'>et</span> <span class='ocrx_word' id='word_1_157' title='bbox 2075 3882 2340 4014; x_wconf 60' lang='lat' dir='ltr'>fraxini5</span> <span class='ocrx_word' id='word_1_158' title='bbox 2382 3909 2503 3975; x_wconf 90' lang='lat' dir='ltr'>Est</span> <span class='ocrx_word' id='word_1_159' title='bbox 2538 3923 2605 3976; x_wconf 91' lang='lat' dir='ltr'>et</span> 
     </span>
    </p>
   </div>
   <div class='ocr_carea' id='block_1_6' title="bbox 518 4028 2622 4156">
    <p class='ocr_par' dir='ltr' id='par_1_7' title="bbox 518 4028 2622 4156">
     <span class='ocr_line' id='line_1_23' title="bbox 518 4028 2622 4156; baseline -0 -35"><span class='ocrx_word' id='word_1_160' title='bbox 518 4069 700 4122; x_wconf 82' lang='lat' dir='ltr'>trans</span> <span class='ocrx_word' id='word_1_161' title='bbox 759 4048 955 4144; x_wconf 88' lang='lat' dir='ltr'>Alpes</span> <span class='ocrx_word' id='word_1_162' title='bbox 995 4051 1226 4137; x_wconf 82' lang='lat' dir='ltr'>arbor,</span> <span class='ocrx_word' id='word_1_163' title='bbox 1252 4048 1606 4156; x_wconf 27' lang='lat' dir='ltr'>’simillima</span> <span class='ocrx_word' id='word_1_164' title='bbox 1650 4050 1826 4117; x_wconf 87' lang='lat' dir='ltr'>aceri</span> <span class='ocrx_word' id='word_1_165' title='bbox 1870 4049 2026 4119; x_wconf 81' lang='lat' dir='ltr'>albo</span> <span class='ocrx_word' id='word_1_166' title='bbox 2072 4028 2380 4134; x_wconf 76' lang='lat' dir='ltr'>materia·</span> <span class='ocrx_word' id='word_1_167' title='bbox 2373 4097 2396 4144; x_wconf 88' lang='lat'>·‚</span> <span class='ocrx_word' id='word_1_168' title='bbox 2459 4082 2622 4151; x_wconf 68' lang='lat' dir='ltr'>quae</span> 
     </span>
    </p>
   </div>
   <div class='ocr_carea' id='block_1_7' title="bbox 2923 1163 2926 1741">
    <p class='ocr_par' dir='ltr' id='par_1_8' title="bbox 2923 1163 2926 1741">
     <span class='ocr_line' id='line_1_24' title="bbox 2923 1163 2926 1741; baseline 0 0"><span class='ocrx_word' id='word_1_169' title='bbox 2923 1163 2926 1741; x_wconf 95' lang='lat' dir='ltr'> </span> 
     </span>
    </p>
   </div>
  </div>
 </body>
</html>
