2941 4807
550 432 624 487 26
1006 432 1067 486 C.
1110 431 1347 486 PLINII
1388 429 1582 486 HIST.
1624 430 1800 487 NAT.
1840 431 1980 485 LIB.
2009 429 2166 484 XVI.

551 557 752 626 larice
780 609 798 645 ,
839 557 1023 650 picea
1048 610 1066 642 ‚
1108 555 1282 645 tilia,
1322 580 1494 625 nuce
1521 607 1539 642 ‚
1573 554 1895 650 platano,
1940 569 2299 649 postquam
2341 555 2497 624 folia
2541 581 2645 625 ce·

552 699 803 788 cidere,
838 701 1060 769 hieme
1088 701 1357 769 durans.
1385 701 1702 770 Continet
1734 699 2043 770 nucleum
2079 701 2298 794 pineis
2327 700 2640 769 similem:

549 846 606 913 is
642 845 879 914 crescit
912 845 1175 927 hieme,
1200 845 1500 939 aperitur
1521 868 1689 921 ¹vere
1727 840 1933 938 pilula
1970 826 2394 932 totazcadit,
2436 868 2644 938 quum

549 984 712 1056 folia
739 1009 997 1081 coepere
1019 1012 1331 1057 crescere.
1354 991 1521 1056 Tam
1547 985 1877 1055 multifera
1908 998 2097 1073 sunt,
2131 1001 2231 1055 tot
2262 1011 2367 1055 res
2402 1002 2644 1081 praeter

551 1129 863 1225 glandem
920 1132 1197 1225 pariunt
1248 1131 1512 1199 robora.
1573 1129 1702 1199 Sed
1764 1144 1830 1199 et
1885 1127 2183 1219 boletos,
2237 1129 2596 1224 suillosque
2618 1182 2638 1218 ,

550 1270 723 1368 gulae
757 1274 1119 1342 novissima
1155 1274 1575 1343 irritamenta
1599 1326 1618 1359 ‚
1666 1298 1815 1367 quae
1851 1275 2025 1347 circa
2061 1272 2314 1342 radices
2352 1273 2640 1368 gignun-

554 1431 710 1495 tur:
740 1386 1027 1512 quercus
1052 1417 1597 1512 probatissimos:
1636 1418 1843 1487 roh‘ur
1880 1430 2136 1502 autem,
2160 1432 2227 1486 et
2258 1442 2638 1512 cupressus,

546 1572 613 1630 et
642 1563 846 1657 pinus
879 1562 1136 1633 noxios.
1171 1560 1444 1632 Robora
1487 1561 1709 1630 ferunt
1743 1575 1810 1628 et
1849 1563 2102 1631 viscum
2133 1614 2151 1646 ‚
2190 1575 2260 1631 et
2290 1561 2521 1648 mella,
2559 1577 2635 1632 ut

552 1718 792 1773 auctor
831 1719 932 1773 est
967 1703 1323 1773 Hesiodus,
1355 1708 1768 1797 Constatque
1804 1727 1990 1773 rores
2018 1701 2285 1774 melleos
2305 1756 2325 1789 ‚
2362 1726 2399 1772 e
2432 1705 2591 1774 caelo
2615 1759 2637 1792 ,

545 1863 624 1916 ut
672 1848 961 1916 diximus
983 1901 1002 1933 ‚
1043 1846 1351 1917 cadentes
1381 1900 1400 1933 ‚
1435 1873 1574 1916 non
1614 1847 1760 1917 aliis
1808 1848 2020 1943 magis
2056 1848 2344 1917 insidere
2375 1848 2633 1921 frondi-

542 1993 689 2063 bus.
724 1992 1019 2060 Cremati
1054 2015 1321 2085 quoque
1353 1992 1612 2061 roboris
1648 1992 1940 2060 cinerem
1966 1993 2297 2061 nitrosum
2330 2016 2468 2061 esse
2494 2019 2633 2064 cer-

543 2118 695 2203 tum'
728 2109 851 2205 est.

1452 2714 1712 2771 Coccum.

639 2957 792 3025 XII.
835 2961 1088 3027 Omnes
1125 2974 1347 3029 tamen
1387 2961 1507 3029 has
1545 2962 1688 3054 ejus
1725 2958 1912 3029 dotes
1944 2956 2072 3027 ilex
2121 2957 2262 3028 solo
2301 2971 2622 3052 provocat

544 3126 762 3172 cocco.
823 3106 1127 3174 Granum
1185 3106 1313 3174 hoc
1344 3157 1363 3193 ‚
1429 3107 1778 3200 primoque
1813 3104 1954 3198 fceu
2008 3104 2259 3175 scabies
2311 3103 2574 3174 fruticis
2602 3152 2625 3186 ‚

542 3272 763 3341 parvae
811 3247 1141 3342 aquifoliae
1183 3247 1353 3317 ilicis
1389 3274 1405 3316 ε
1464 3247 1837 3319 cusculium
1879 3262 2123 3318 vocant
2156 3275 2172 3317 ε
2234 3246 2621 3342 pensionem

538 3387 817 3460 alteram
847 3390 1079 3459 tributi
1113 3391 1524 3486 pauperihus
1567 3392 1903 3486 Hispaniae
1947 3390 2173 3458 donat.
2213 3365 2428 3459 Usum
2477 3389 2623 3480 ejus

541 3536 893 3630 gratiorem
948 3537 1019 3603 in
1059 3535 1391 3629 conchylii
1447 3536 1785 3606 mentione
1835 3534 2250 3604 tradidimus.
2302 3533 2626 3627 Gignitur

540 3693 609 3749 et
643 3680 714 3747 in
742 3677 1037 3770 Galatia,
1072 3679 1327 3767 Africa,
1356 3679 1603 3748 Pisidia
1623 3730 1642 3768 ‚
1679 3678 1946 3750 Cilicia:
1976 3680 2333 3773 pessimum
2361 3678 2430 3745 in
2466 3679 2623 3745 Sar-

536 3824 737 3894 dinia.
