2941 4807
505 440 615 506 κει.
964 439 1026 493 c,
1070 437 1305 494 PLmn
1345 415 1541 491 msT.
1586 434 1751 490 NAT.
1796 433 1935 489 un.
1969 432 2132 489 xvl.

1252 1331 1337 1385 De
1373 1332 1531 1385 visco
1563 1329 1846 1385 faciendo.
1937 1352 1946 1365 ·

601 1549 845 1618 XCIV.
883 1553 1163 1650 Viscum,
1187 1551 1416 1624 -confit
1451 1577 1534 1622 ex
1576 1553 1786 1622 acinis
1825 1551 1940 1645 qui
1973 1547 2389 1643 colliguntur
2428 1571 2604 1614 mes-

504 1692 680 1762 sium
712 1707 1019 1789 tempore
1053 1693 1439 1768 immaturi:
1483 1720 1640 1766 nam
1684 1696 1737 1765 si
1772 1717 2102 1764 accessere
2137 1663 2382 1762 inihres
2402 1743 2423 1780 ,
2460 1714 2603 1761 am-

501 1809 835 1931 plitudine
862 1836 1137 1932 quidem
1179 1853 1534 1935 augentur,
1569 1839 1755 1909 visco
1796 1863 1952 1909 vero
1989 1850 2429 1910 marcescunt.
2463 1834 2605 1905 Sic·

502 1997 747 2056 cantur
780 1983 1023 2056 deinde
1046 2038 1068 2075 ,
1120 1999 1185 2096 et
1215 1985 1387 2056 aridi
1427 1986 1852 2074 tunduntur,
1899 2010 1977 2055 ac
2025 1984 2281 2056 conditi
2324 1985 2396 2052 in
2431 2007 2605 2076 aqua

504 2141 898 2220 putrescunt
937 2129 1263 2200 duodenis
1302 2128 1439 2201 fere
1482 2130 1737 2200 diebus.
1783 2134 2153 2224 Unumque
2191 2130 2332 2198 hoc
2375 2152 2604 2197 rerum

502 2270 952 2364 putrescendo
986 2274 1270 2370 gratiam
1302 2274 1602 2345 invenit:
1636 2273 1792 2345 inde
1828 2276 1897 2344 in
1932 2273 2336 2370 profluente,
2371 2298 2608 2343 rursus

503 2416 746 2489 malleo
796 2420 973 2507 tusi,
1027 2421 1285 2491 amissis
1325 2422 1691 2493 corticibus
1714 2474 1733 2511 ‚
1775 2422 2092 2491 interiore
2127 2445 2327 2489 carne
2362 2418 2608 2489 lentes—

504 2577 687 2631 cunt.
724 2566 871 2633 Hoc
913 2578 1012 2634 est
1049 2565 1305 2634 viscum
1345 2567 1582 2660 pennis
1618 2567 1845 2636 avium
1881 2579 2063 2662 tactu
2095 2563 2382 2666 ligandis
2404 2617 2423 2652 ,
2459 2562 2611 2635 oleo

504 2707 892 2795 subactum,
931 2733 1144 2802 quum
1186 2707 1389 2779 libeat
1428 2711 1703 2779 insidias
1749 2708 1991 2779 moliri.
2055 2750 2061 2755 ·

1229 3133 1327 3189 'De
1363 3133 1523 3189 visco
1551 3132 1877 3191 historiaca.

604 3358 817 3427 XCV.
857 3362 1014 3428 Non
1060 3374 1160 3427 est
1206 3358 1574 3427 omittenda
1611 3359 1680 3426 in
1725 3383 1803 3426 ea
1842 3383 1915 3426 re
1965 3373 2034 3426 et
2068 3355 2444 3426 Galliarum
2487 3356 2606 3424 ad-

508 3502 797 3571 miratio.
831 3501 1017 3571 Nihil
1052 3502 1301 3571 habent
1324 3501 1603 3571 Druidae
1626 3501 1758 3597 (ita
1787 3525 1941 3570 suos
1976 3498 2318 3598 appellant
2347 3499 2609 3595 magos)

508 3647 689 3717 visco
717 3697 736 3735 ,
776 3660 841 3714 et
877 3648 1115 3715 arbore
1142 3699 1162 3736 ‚
1205 3648 1270 3713 in
1312 3668 1444 3739 qua
1480 3647 1799 3740 gignatur
1835 3644 1918 3739 (si
1956 3643 2159 3712 modo
2205 3644 2291 3712 sit
2329 3641 2600 3738 robur),

510 3791 857 3883 sacratius.
894 3794 1043 3861 Jam
1082 3817 1204 3886 per
1246 3814 1315 3861 se
1348 3791 1669 3859 roborum
1706 3788 1966 3885 eligunt
2020 3788 2244 3877 Ιιιοοε,
2296 3814 2416 3858 nec
2470 3788 2608 3857 ulla

510 3961 696 4007 sacra
722 3938 864 4009 sine
893 3963 968 4006 ea
1001 3936 1239 4009 fronde
1272 3936 1674 4024 conficiunt,
1713 3950 1788 4004 ut
1810 3935 1970 4004 inde
1989 3933 2303 4033 appellati
2334 3960 2609 4029 quoque

509 4083 1066 4176 interpretatione
1099 4084 1336 4153 Graeca
1370 4082 1624 4176 possint
1659 4079 1935 4150 Druidae
1971 4080 2201 4149 videri.
2243 4081 2608 4150 Enimvero
