2941 4807
487 417 560 486 48
960 419 1024 475 o.
1067 421 1307 476 PL1N11
1348 420 1541 478 HIST.
1586 424 1755 478 ΜΤ.
1800 424 1940 481 LIB.
1970 425 2132 481 xv1.

651 687 908 756 Quarum
935 688 1206 743 arborum
1230 687 1481 743 materiae
1514 689 1577 743 in
1606 688 1811 762 pretio.
1848 689 2079 746 Fraxini
2104 707 2315 764 genera
2352 710 2432 745 ιν.

592 912 846 980 XXIV.
901 908 1007 982 13.
1046 912 1350 981 Materiae
1386 915 1566 982 enim
1610 939 1809 983 causa
1841 915 2132 1010 reliquas
2164 918 2433 986 arbores
2468 943 2591 987 na-

434 1106 441 1114 .
490 1068 646 1121 tura
698 1055 926 1148 genuit
948 1106 969 1139 ‚
1013 1055 1673 1150 copiosissimamque
1713 1055 2067 1127 fraxinum.
2123 1062 2407 1128 Procera
2452 1060 2590 1128 haec

495 1218 574 1262 ac
611 1210 823 1264 teres:
861 1198 1136 1290 pinnata
1171 1210 1238 1265 et
1269 1199 1414 1293 ipsa
1449 1196 1611 1268 folio
1639 1225 1654 1267 ε
1683 1198 2104 1293 multumque
2128 1202 2404 1270 Homeri
2429 1227 2596 1297 prae-

498 1339 693 1407 conio
715 1390 735 1428 ,
773 1353 841 1407 et
871 1337 1147 1409 Achillis
1178 1340 1369 1408 hasta
1407 1339 1776 1455 nobilitata.
1822 1334 2143 1411 Materies
2183 1356 2281 1411 est
2322 1342 2408 1411 ad
2443 1343 2594 1439 plu-

498 1485 669 1553 rima
701 1482 907 1552 utilis.
951 1488 1048 1553 Ea
1083 1481 1385 1577 quidem,
1425 1509 1574 1577 quae
1606 1484 1684 1553 fit
1721 1485 1790 1553 in
1826 1485 1948 1555 Ida
1977 1486 2293 1571 Troadis,
2338 1488 2408 1555 in
2450 1502 2600 1555 tan·

476 1595 651 1697 ¹tum
711 1627 912 1696 cedro
965 1625 1198 1696 similis
1224 1678 1244 1715 ‚
1304 1642 1380 1695 ut
1434 1642 1730 1695 ementes
1772 1626 2000 1717 fallat,
2049 1630 2299 1698 cortice
2349 1627 2594 1699 ablato.

502 1773 724 1841 Graeci
766 1772 902 1840 duo
945 1795 1189 1866 genera
1225 1773 1371 1865 ejus
1416 1771 1674 1841 fecere:
1715 1769 2026 1867 longam,
2072 1772 2395 1841 enodem:
2438 1772 2600 1842 alte-

500 1944 648 1987 ram
697 1918 968 1988 brevem
999 1971 1019 2008 ‚
1079 1918 1419 1988 duriorem
1443 1973 1462 2004 ‚
1511 1919 2003 2015 fuscioremque
2034 1974 2053 2009 ,
2105 1920 2349 1989 laureis
2402 1919 2596 1989 foliis.

507 2062 881 2134 Bumeliam
922 2077 1165 2133 vocant
1203 2065 1272 2132 in
1308 2065 1712 2134 Macedonia
1748 2063 2225 2159 amplissimam
2251 2118 2270 2154 ‚
2314 2064 2602 2134 lentissi-

506 2235 840 2305 mamque.
878 2208 1017 2280 Alii
1051 2212 1181 2279 situ
1216 2210 1520 2278 divisere.
1553 2212 2014 2304 Campestrem
2045 2212 2226 2280 enim
2263 2235 2404 2279 esse
2439 2211 2602 2278 cris-

502 2382 702 2452 pam,
745 2371 1141 2427 montanam
1184 2358 1487 2452 spissam.
1544 2354 1729 2424 Folia
1777 2381 2006 2426 earum
2044 2356 2365 2451 jumentis
2417 2380 2599 2426 mor-

505 2504 700 2573 tifera
721 2556 739 2591 ‚
784 2503 1022 2573 ceteris
1054 2502 1545 2571 ruminantium
1581 2501 1873 2571 innocua
1896 2554 1916 2587 ‚
1961 2504 2180 2572 Graeci
2210 2499 2598 2596 prodidere.

497 2654 580 2719 In
615 2647 806 2719 Italia
829 2702 848 2738 ,
903 2673 1026 2717 nec
1070 2648 1391 2742 jumentis
1444 2662 1708 2715 nocent.
1766 2651 2020 2717 Contra
2066 2663 2403 2743 serpentes
2441 2673 2601 2717 vero

501 2822 701 2865 succo
737 2821 1050 2890 expresso
1095 2792 1179 2862 ad
1220 2807 1457 2888 potum
1482 2846 1502 2878 ,
1551 2808 1616 2861 et
1670 2794 1982 2888 imposita
2019 2793 2354 2863 ulceribus
2382 2849 2401 2880 ‚
2452 2796 2602 2890 opi·

498 2941 680 3029 fera,
721 2965 799 3009 ac
841 2936 1013 3007 nihil
1055 2962 1283 3032 aeque,
1323 2939 1777 3032 reperiuntur.
1813 2941 2163 3033 Tantaque
2196 2954 2297 3007 est
2341 2940 2479 3026 viS‚
2529 2956 2605 3011 ut

499 3112 583 3155 ne
617 3086 983 3154 matutinas
1020 3082 1327 3177 quidem,
1366 3081 1827 3152 occidentesve
1854 3085 2158 3172 umbraS‚
2194 3112 2409 3180 quum
2446 3103 2603 3156 sunt

502 3230 902 3325 longissimae
928 3281 947 3318 ,
988 3253 1261 3323 serpens
1304 3229 1563 3306 arboris
1600 3229 1743 3322 ejus
1780 3227 2123 3325 adtingat,
2169 3231 2335 3301 adeo
2389 3234 2602 3328 ipsam

502 3375 739 3472 procul
776 3376 1010 3470 fugiat.
1053 3375 1332 3469 Experti
1372 3373 1724 3468 prodimus
1761 3400 1794 3442 z.
1822 3376 1876 3443 si
1916 3374 2155 3444 fronde
2190 3402 2268 3446 ea
2307 3403 2605 3473 gyroque

502 3497 857 3593 claudatur
908 3522 1078 3616 ignis
1133 3535 1200 3589 et
1257 3545 1571 3613 serpenS,
1630 3522 1699 3589 in
1747 3522 1932 3617 ignes
1977 3524 2239 3617 potiUS,
2295 3549 2498 3618 quam
2534 3526 2603 3592 in

502 3641 840 3737 fraxinum
859 3666 1090 3761 fugere
1107 3679 1508 3760 serpentem.
1522 3665 1699 3733 Mira
1720 3680 1976 3734 naturae
1996 3667 2396 3762 benignitaS,
2419 3670 2605 3763 prius

506 3839 708 3908 quam
739 3813 844 3882 hae
877 3811 1239 3906 prodeant,
1273 3809 1514 3879 florere
1547 3811 1879 3882 fraxinum
1899 3863 1923 3902 ,
1955 3837 2080 3882 nec
2112 3829 2270 3884 ante
2306 3813 2607 3884 conditas

505 3961 666 4031 folia
700 3961 1057 4030 dimittere.
