2941 4807
520 404 634 468 340
959 402 1022 458 C.
1064 402 1303 458 PuNn
1343 401 1538 458 HIST.
1582 402 1754 457 NAT.
1797 402 1934 457 LIB.
1962 399 2148 455 XVII.

1595 558 1619 589 χ

621 1146 723 1216 Ac
755 1171 839 1215 ne
874 1149 1021 1240 quis
1063 1147 1267 1216 vilem
1302 1145 1387 1215 de
1425 1163 1647 1217 cetero
1694 1149 1916 1218 Crassi
1951 1144 2222 1216 domum
2248 1196 2267 1233 ,
2317 1141 2625 1235 nihilque

528 1293 599 1359 in
647 1318 721 1361 ea
764 1295 1078 1389 jurgante
1139 1294 1439 1363 Domitio
1493 1293 1694 1362 fuisse
1751 1290 2107 1362 dicendum
2144 1303 2383 1385 praeter
2425 1287 2627 1356 arbo-

525 1458 630 1505 res
657 1428 946 1530 judicet,
973 1440 1110 1532 jam
1154 1439 1499 1509 columnas
1539 1454 1831 1532 quatuor
1878 1436 2200 1531 Hymettii
2233 1433 2625 1519 marmoris,

524 1578 860 1648 aedilitatis
920 1582 1133 1675 gratia
1207 1579 1291 1649 ad
1355 1605 1622 1649 scenam
1683 1578 2053 1649 ornandam
2117 1577 2423 1647 advectas
2461 1629 2481 1664 ‚
2554 1580 2626 1645 in

524 1728 699 1795 atrio
729 1727 874 1819 ejus
924 1725 1162 1795 domus
1205 1740 1570 1811 statuerat,
1621 1750 1834 1818 quum
1882 1725 1953 1793 in
2000 1723 2271 1819 publico
2318 1722 2627 1793 nondum

525 1887 747 1939 essent
774 1869 924 1939 ullae
957 1895 1372 1939 marmoreae«
1398 1873 1565 1939 Tam
1594 1894 1827 1940 reeens
1860 1884 1960 1937 est
1988 1868 2369 1962 opulentia:
2403 1882 2629 1936 tanto·

527 2040 663 2107 que
705 2031 867 2082 tunc
911 2012 1062 2108 plus
1110 2015 1386 2084 honoris
1426 2013 1697 2082 arbores
1735 2014 2047 2084 domibus
2082 2012 2471 2082 adferebant
2497 2067 2516 2098 ‚
2554 2027 2631 2081 ut

528 2160 673 2226 sine
707 2156 850 2226 =illis
904 2180 986 2227 ne
1040 2158 1546 2228 inimicitiarum
1590 2158 1859 2252 quidem
1925 2159 2213 2254 pretium
2269 2159 2631 2228 servaverit

527 2292 884 2373 Domitius.

625 2576 837 2639 Fuere
872 2569 955 2639 ab
997 2562 1089 2640 iis'
1113 2586 1182 2640 et
1221 2571 1622 2665 cognomina
1662 2574 1953 2667 antiquis
1984 2599 2000 2641 t
2041 2571 2391 2641 Fronditio
2423 2569 2629 2639 militi

530 2713 674 2799 illi,
729 2715 845 2806 qui
911 2711 1227 2808 praeclara
1286 2715 1584 2784 facinora
1617 2765 1637 2801 ‚
1686 2713 2101 2786 Vulturnum
2157 2731 2587 2785 transnatans
2613 2766 2633 2800 ‚

537 2856 774 2927 fronde
802 2859 1003 2950 capiti
1040 2858 1386 2950 imposita,
1415 2858 1733 2927 adversus
1762 2859 2160 2927 Annibalem
2196 2859 2446 2928 edidite
2475 2864 2633 2930 Sto·

531 3000 767 3071 lonum
807 3003 1079 3071 Liciniae
1118 3002 1300 3096 genti
1341 3027 1355 3069 t
1417 3004 1509 3071 ita
1544 3000 1921 3097 appellatur
1955 3005 2026 3072 in
2068 3006 2226 3099 ipsis
2266 3006 2634 3075 arboribus

532 3150 871 3217 fruticatio
925 3147 1179 3216 inutilis
1227 3174 1241 3215 :
1302 3144 1457 3215 inde
1510 3163 1576 3215 et
1623 3150 2040 3243 pampinatio
2087 3149 2361 3219 inventa
2409 3152 2636 3244 primo

533 3290 796 3360 Stoloni
823 3290 1003 3357 dedit
1035 3314 1301 3358 nomen.
1335 3288 1494 3357 Fuit
1519 3304 1584 3357 et
1622 3291 1940 3360 arborum
1977 3317 2139 3361 cura
2167 3290 2425 3387 legibus
2456 3294 2637 3388 pris-

536 3436 670 3502 cis:
703 3447 1109 3527 cautumque
1147 3448 1247 3501 est
1281 3458 1379 3501 ΧΠ
1419 3432 1661 3501 tabulis
1687 3486 1706 3518 ‚
1750 3449 1828 3502 ut
1860 3464 1894 3498 «
1917 3436 2032 3528 qui
2068 3435 2317 3528 injuria
2356 3436 2639 3506 cecidis-

534 3594 634 3646 set
667 3577 960 3662 alienas‚
997 3573 1212 3644 lueret
1261 3579 1331 3644 in
1379 3575 1678 3670 singulas
1714 3577 1861 3646 aeris
1920 3601 2075 3646 xxv.
2106 3608 2140 3643 ι)
2180 3578 2364 3667 Quid
2408 3581 2639 3650 existi·

535 3747 829 3810 mamuS,
869 3735 1274 3789 venturasne
1298 3745 1413 3789 eas
1439 3720 1797 3826 credidisse
1823 3719 1907 3789 ad
1941 3746 2142 3815 supra
2177 3722 2426 3792 dictam
2458 3727 2636 3794 aesti·

442 3957 448 3962 θ
537 3869 903 3936 mationem
949 3863 1096 3933 illos
1126 3917 1145 3954 ,
1202 3868 1318 3958 qui
1377 3839 1728 3960 frugiferas
1779 3866 1948 3934 tanti
2006 3867 2444 3937 taxaverant?
2499 3871 2639 3939 Nec

535 4014 760 4081 minus
799 4009 1192 4084 miraculum
1229 4012 1297 4078 in
1341 4037 1545 4106 pomo
1590 4026 1730 4099 est,
1775 4010 2140 4080 multarum
2177 4014 2356 4082 circa
2382 4016 2639 4110 ‚subur-
