2941 4807
587 419 694 487 146
1067 423 1129 479 C.
1170 426 1405 482 PLINII
1446 424 1640 484 HIST.
1684 426 1858 482 NAT.
1902 425 2041 482 ΗΒ.
2072 425 2234 481 XVI.

1215 867 1448 925 Catonis
1483 887 1550 923 ea
1589 866 1662 923 de
1696 886 1760 923 re
1802 822 2027 941 placita.

673 1095 946 1169 LXXV.
982 1096 1151 1164 Cato
1185 1092 1532 1163 hominum
1567 1119 1865 1163 summus
1899 1094 1969 1162 in
2006 1092 2188 1161 omni
2221 1114 2379 1176 usu,
2419 1087 2505 1156 de
2527 1112 2669 1155 ma-

579 1237 761 1340 teriis
784 1238 925 1306 haec
958 1236 1185 1332 adjicit
1212 1264 1228 1305 z
1266 1268 1299 1303 c<
1317 1236 1587 1306 Prelum
1622 1261 1659 1305 e
1684 1237 1920 1331 sapino
1951 1251 2094 1305 atra
2118 1235 2542 1331 potissimum
2574 1232 2672 1300 fa-

551 1381 712 1449 cito
739 1405 756 1448 :
792 1378 1080 1449 ulmeam
1106 1432 1125 1467 ,
1159 1382 1461 1475 pineam,
1500 1403 1779 1449 nuceam
1800 1431 1820 1468 ,
1855 1379 2034 1447 hanc
2068 1392 2268 1471 atque
2298 1375 2499 1444 aliam
2523 1399 2671 1443 ma-

574 1523 812 1592 teriam
854 1547 1119 1592 omnem
1151 1532 1363 1616 quum
1389 1521 1662 1591 effodies
1682 1572 1703 1607 ,
1744 1519 1906 1589 luna
1935 1519 2360 1590 decrescente
2390 1519 2670 1588 eximito

574 1680 726 1762 post
758 1665 1136 1755 meridiem,
1176 1667 1317 1769 sine
1347 1681 1549 1735 vento
1584 1670 1855 1736 Austro.
1874 1667 2066 1735 Tunc
2094 1666 2222 1733 erit
2245 1664 2670 1758 tempestiva,

574 1837 786 1907 quum
811 1836 1035 1882 semen
1066 1836 1260 1881 suum
1293 1826 1638 1915 maturum
1688 1812 1833 1880 crit.
1873 1814 2255 1904 Cavetoque
2289 1834 2374 1878 ne
2409 1833 2530 1902 per
2566 1833 2677 1877 ro-

573 1981 716 2026 rem
737 1958 988 2044 trahaS,
1014 1970 1133 2025 aut
1152 1955 1353 2024 doles.
1384 1986 1420 2023 >³
1446 1955 1771 2053 Idemque
1788 1980 1974 2025 mox:
2008 1984 2041 2020 c<
2062 1955 2210 2025 Nisi
2230 1955 2671 2042 intermestri,

574 2101 866 2196 lunaque
893 2099 1269 2188 dimidiata,
1298 2125 1384 2170 ne
1408 2114 1641 2197 tangas
1676 2100 2246 2170 materiem.Tunc
2273 2125 2358 2169 ne
2386 2100 2673 2170 effodias

575 2260 693 2314 aut
721 2243 1036 2340 praecidas
1068 2246 1186 2315 abs
1212 2260 1409 2314 terra.
1440 2246 1697 2314 Diebus
1732 2259 1983 2339 septem
2018 2245 2340 2340 proximis
2360 2295 2381 2329 ,
2420 2245 2671 2339 quibus

574 2386 735 2459 luna
775 2387 973 2485 plena
1005 2388 1205 2459 fuerit
1229 2441 1249 2477 ,
1288 2390 1540 2484 optime
1574 2387 1904 2458 eximitur.
1968 2390 2269 2459 Omnino
2308 2403 2546 2487 caveto
2588 2415 2672 2459 ne

575 2558 777 2629 quam
816 2534 1167 2603 materiam
1218 2530 1660 2614 doles„neve
1704 2533 1917 2603 caedas
1947 2585 1965 2622 ,
2020 2559 2188 2604 neve
2225 2549 2459 2629 tangas
2483 2588 2506 2616 ‚
2542 2536 2673 2605 nisi
2730 2521 2739 2530 ¹

576 2680 817 2749 siccam
838 2673 1053 2748 {neve
1085 2676 1406 2774 gelidam,
1442 2703 1610 2746 neve
1632 2677 2069 2749 rorulentam.
2092 2710 2127 2746 >2
2157 2680 2464 2749 Tiberius
2490 2681 2672 2751 idem

575 2824 740 2892 etin
774 2823 1019 2919 capillo
1049 2821 1387 2893 tondendo
1431 2824 1715 2893 servavit
1750 2823 2131 2895 interlunia.
2163 2828 2259 2895 M.
2300 2828 2524 2897 Varro
2553 2826 2673 2896 ad-

577 2990 808 3035 versus
845 2963 1133 3035 defluvia
1172 2968 1484 3060 praecepit
1521 2965 2013 3036 observandum
2059 2965 2129 3034 id
2176 2991 2214 3035 a
2256 2964 2668 3061 pleniluniis.

626 3678 713 3734 De
746 3674 1138 3752 magnitudine
1171 3676 1458 3732 arborum.
1492 3676 1580 3730 De
1610 3683 1810 3730 natura
1848 3674 2211 3731 materiarum
2238 3696 2253 3730 ε
2294 3675 2367 3733 de
2403 3678 2625 3752 sapino.

589 3927 614 3982 1g
687 3903 996 3969 LXXVI.
1047 3899 1272 3969 Larici
1323 3911 1389 3965 et
1430 3898 1637 3993 magis
1680 3898 1877 3974 abieti
1929 3898 2235 3988 succisis,
2277 3901 2526 3969 humor
2557 3899 2670 3968 diu

591 4042 841 4112 defluit.
901 4045 1019 4112 Hae
1074 4040 1378 4109 omnium
1433 4038 1750 4108 arborum
1785 4037 2114 4112 altissimae
2155 4066 2232 4111 ac
2268 4043 2665 4112 rectissimae.
