2941 4807
591 418 704 488 276
1183 420 1429 481 NOTES
1467 420 1578 476 DU
1619 421 1751 476 LIV
1752 421 1854 476 RE
1892 420 2049 476 XVI.

583 527 828 589 diximus
849 532 907 588 in
927 529 1263 607 glandfferis.
1288 522 1726 609 Aux'chapitres
1747 529 1812 608 6,
1836 528 1961 592 8'et
1980 552 2045 613 9,
2070 532 2149 590 ou
2171 528 2212 588 il
2233 549 2265 588 a
2289 529 2378 588 ete
2402 527 2657 609 question

586 625 686 686 des
712 626 911 709 glands
941 640 1000 688 et
1028 629 1128 690 des
1153 629 1349 711 galles·

670 723 1052 809 264.-Page
1067 748 1170 811 92,
1188 727 1344 809 ligne
1367 750 1391 787 1
1408 749 1458 788 1.
1473 729 1625 788 Inter
1634 750 1773 806 quas
1788 730 1980 788 laurus
1992 748 2126 786 uvas
2143 746 2278 785 suas
2296 746 2316 782 .·
2334 725 2662 800 maximeque

586 825 809 895 sterilis,
827 848 947 903 quoe
972 849 1081 885 non
1102 826 1268 899 gignit
1288 826 1469 886 aliud:
1498 827 1565 886 ob
1587 825 1649 886 id
1657 848 1697 884 a
1712 825 2033 904 quibusdam
2059 846 2187 884 mas
2205 824 2570 883 existimatur.
2585 821 2663 882 Ce

585 944 823 1005 passage
866 936 952 984 est
987 923 1416 1006 inintelligible.
1456 924 1622 985 Pline
1669 925 1823 986 a-t·il
1860 924 2041 987 voulu
2083 922 2309 983 donner
2335 921 2391 982 le
2430 942 2567 982 nom
2602 920 2664 979 de

584 1044 701 1080 uooe
735 1027 765 1082 a
790 1021 1123 1082 l’ensemble
1152 1021 1253 1083 des
1281 1022 1437 1084 baies
1462 1023 1541 1083 du
1572 1022 1784 1084 laurier
1806 1024 2028 1102 (baccoe)
2059 1022 2160 1103 qui
2178 1034 2333 1083 mont
2350 1065 2369 1097 ‚
2402 1020 2573 1080 sinon
2600 1039 2664 1077 en

589 1140 869 1201 grappes‚
898 1120 976 1181 du
1017 1121 1207 1182 moins
1245 1143 1317 1182 en
1348 1123 1532 1204 grand
1569 1122 1811 1184 nombre
1852 1144 1952 1183 sur
1985 1144 2065 1183 un
2089 1124 2273 1184 meme
2309 1115 2664 1197 pedoncule?

585 1218 725 1280 mais
751 1219 905 1281 alors
930 1221 1223 1301 pourquoi
1245 1221 1509 1302 qualifier
1537 1222 1592 1282 le
1625 1221 1837 1282 laurier
1858 1221 1931 1282 de
1959 1222 2183 1281 sterile?
2211 1220 2309 1280 Au
2328 1231 2485 1279 reste
2508 1227 2666 1277 notre

585 1331 790 1380 auteur
809 1320 978 1397 copie
1000 1321 1074 1382 ici
1097 1343 1346 1403 presque
1366 1320 2180 1398 litteralement'l'heophraste
2195 1365 2214 1397 ‚
2236 1321 2394 1381 His-t.
2411 1319 2497 1396 pl.
2521 1333 2596 1391 11,
2609 1313 2664 1390 3,

587 1431 646 1479 et
675 1420 741 1479 de
774 1419 995 1492 Causis,
1021 1438 1111 1482 xv
1129 1465 1147 1496 ‚
1180 1443 1235 1481 2.
1263 1423 1433 1483 Voici
1457 1445 1523 1484 ce
1551 1443 1664 1501 que
1698 1404 1784 1481 dit
1805 1422 2158 1501 Dalechamp
2187 1443 2286 1482 sur
2311 1443 2377 1482 ce
2405 1426 2671 1502 passage:

587 1516 811 1577 Laurus
836 1520 1078 1596 hoecfert
1098 1521 1183 1580 τὰ.
1208 1515 1380 1596 βρῦοι,
1418 1544 1528 1581 non
1555 1517 1801 1595 βότρυας
1812 1564 1834 1593 ,
1867 1542 2056 1598 nempe
2080 1522 2342 1597 confertos
2354 1522 2566 1600 flores,
2592 1519 2669 1576 si-

586 1616 742 1675 miles
773 1640 1053 1694 quercuum
1073 1632 1122 1677 et
1144 1619 1388 1679 olearum
1406 1618 1667 1698 floribus.
1702 1620 1869 1679 Gaza
1891 1631 2072 1679 tamen
2097 1618 2198 1679 hoc
2229 1618 2415 1691 Plinii
2444 1619 2556 1677 loco
2576 1615 2670 1674 de-

586 1727 765 1790 ceptas
778 1758 800 1787 ,
846 1715 1000 1793 apud
1033 1715 1275 1776 eumdem
1313 1715 1737 1795 philosophum,
1795 1716 1947 1774 Hist.
1995 1715 2076 1793 pl.
2111 1731 2241 1777 Vll-1
2257 1760 2275 1791 ‚
2316 1712 2387 1791 3,
2433 1712 2670 1789 βότρυας

586 1812 973 1873 inconsiderate
1005 1817 1243 1891 reposuit
1259 1857 1281 1886 ,
1327 1837 1423 1874 nec
1451 1818 1509 1873 in
1542 1815 1673 1874 aliis
1711 1835 1883 1892 supra
1918 1815 2097 1874 citatis
2127 1815 2260 1875 locis
2289 1812 2670 1874 emendandum

582 1914 821 1990 putavit,
849 1913 1182 1973 inconstanti
1199 1911 1411 1982 judiab.
1438 1911 1603 1972 Pline
1639 1911 1790 1972 a-t-il
1820 1911 1955 1972 bien
1982 1913 2234 1990 compris
2271 1913 2521 1974 l’auteur
2542 1910 2670 1993 qu'il

590 2033 623 2072 a
651 2010 860 2086 copie?

675 2105 815 2168 265.
844 2140 927 2154 —
952 2107 1135 2190 Ligne
1165 2106 1256 2168 13.
1283 2110 1491 2168 Ferunt
1524 2121 1578 2168 et
1605 2109 1868 2168 aoelIanoe
1888 2110 2041 2181 julos
2067 2111 2369 2189 compactili
2393 2111 2574 2180 callo,
2606 2105 2678 2166 ad

590 2207 734 2266 nihil
754 2207 931 2266 utiles.
970 2205 1136 2267 Pline
1164 2206 1344 2282 parait
1382 2206 1622 2288 ignoret
1654 2228 1766 2287 que
1797 2206 1880 2266 les
1923 2207 2163 2268 chatons
2203 2209 2372 2286 (iuli)
2410 2221 2551 2270 sont
2583 2207 2672 2267 (les

590 2303 967 2387 assemblages
997 2304 1069 2366 de
1098 2304 1269 2367 fleurs
1287 2347 1306 2379 ‚
1338 2317 1399 2365 et
1420 2326 1536 2385 que
1560 2326 1690 2366 sans
1713 2305 1853 2366 elles
1883 2305 1937 2366 le
1962 2307 2237 2367 noisetier
2264 2307 2436 2368 serait
2466 2309 2672 2369 tout-a-

591 2401 697 2464 fait
726 2403 936 2465 sterile.
978 2406 1064 2467 Ce
1092 2426 1233 2465 nom
1271 2403 1344 2466 de
1374 2407 1484 2474 juli
1507 2417 1594 2466 est
1623 2410 1923 2482 emprunte
1949 2410 1981 2465 a
2010 2406 2413 2484 Theophraste
2430 2450 2449 2482 ‚
2494 2419 2551 2468 et
2577 2410 2670 2466 re·-

592 2502 754 2579 pond
777 2523 933 2564 assez
954 2515 1313 2565 exactement
1335 2525 1410 2564 au
1433 2516 1560 2565 mot
1588 2502 1831 2581 franeais
1854 2505 2046 2564 chaton
2067 2528 2087 2563 .·
2106 2501 2294 2565 ἴουλος
2319 2505 2578 2587 signifie‚
2607 2526 2672 2564 en

593 2623 729 2684 grec
748 2645 766 2676 ‚
798 2601 964 2663 ducet.

678 2697 817 2760 266.
842 2732 920 2744 —
946 2703 1129 2783 Lig‘ne
1161 2701 1253 2762 15.
1278 2702 1541 2761 Plurima
1570 2725 1698 2764 vero
1724 2704 1925 2762 baa-us.
1949 2701 2110 2763 Nam
2135 2717 2185 2762 et
2218 2725 2395 2762 semen
2418 2726 2607 2773 suam,
2628 2714 2673 2761 et

591 2821 825 2872 granum
836 2843 858 2872 ,
889 2800 1032 2877 quod
1050 2813 1343 2872 crataegum
1369 2814 1566 2863 vocant
1586 2825 1605 2861 .·
1631 2815 1683 2862 et
1717 2823 1757 2859 a
1786 2802 2139 2880 septentrione
2162 2804 2402 2874 viscum,
2444 2825 2488 2860 a
2520 2803 2674 2862 meri-

594 2899 681 2958 die
717 2897 981 2975 hyphear.
1035 2899 1117 2959 Le
1153 2898 1283 2959 buis
1315 2920 1389 2960 ne
1421 2899 1619 2960 donne
1652 2919 1878 2960 aucune
1911 2898 2264 2975 production
2296 2901 2562 2976 parasite.
2598 2899 2673 2957 Le

586 2996 697 3081 gui
726 3017 800 3057 ne
831 2997 915 3093 ἐχ
942 3009 1151 3059 trouve
1171 2998 1385 3079 jamais.
1408 2997 1575 3058 Pline
1604 3017 1640 3058 a
1664 3018 1879 3058 encore
1902 2997 1976 3058 ici
2007 2997 2121 3058 mal
2144 2997 2459 3075 interprete
2481 2998 2673 3057 Theo-

594 3097 845 3173 phraste.
871 3094 1175 3155 Ecoutons
1194 3094 1580 3173 Dalechampz
1603 3096 1947 3175 Ineptissime
1967 3095 2190 3156 Plinius
2212 3140 2234 3169 ,
2263 3097 2523 3173 quoniam
2542 3091 2679 3174 apud

600 3193 1034 3272 Theophrastum
1043 3191 1292 3256 historia:
1308 3194 1447 3253 buxi
1459 3196 1648 3254 statim
1658 3207 1711 3254 et
1722 3196 1947 3267 cratoegi
1953 3193 2230 3270 descnptio
2243 3195 2538 3268 subjicitur,
2554 3213 2670 3266 gra·

597 3318 729 3353 num
738 3294 811 3351 ab
824 3316 887 3352 eo
880 3294 1035 3369 fern
1041 3289 1204 3366 dixu,
1217 3291 1362 3370 quod
1366 3305 1661 3365 crataegum
1671 3305 1866 3354 vocant
1875 3317 1893 3351 .·
1904 3293 2016 3353 alio
2030 3293 2196 3353 etiam
2208 3315 2385 3353 errore
2395 3293 2667 3360 imotenus,

593 3390 740 3468 quod
760 3392 908 3450 buxo
941 3391 1122 3449 trihta't
1147 3414 1267 3466 qaoe
1307 3390 1373 3449 de
1400 3391 1518 3450 ilice
1547 3390 1954 3468 Theophrastus
1988 3393 2295 3468 scripserat.
2327 3385 2676 3468 Theophrasti

596 3490 764 3550 verba
793 3502 961 3549 sunt:
981 3501 1181 3566 proeter
1210 3487 1462 3561 glandem
1480 3534 1496 3558 ,
1529 3489 1730 3566 inquit,
1753 3489 2034 3565 puniceum
2059 3510 2292 3561 granum
2320 3490 2590 3566 ilexfert,
2614 3505 2674 3543 ac

596 3590 817 3665 insuper
832 3588 1042 3650 visacm
1055 3632 1074 3658 ,
1114 3600 1173 3647 at
1196 3587 1461 3666 hyphear,
1497 3600 1558 3647 ut
1579 3585 1845 3647 interdtam
1877 3587 2148 3659 contingat
2162 3588 2434 3663 fiuctibus
2460 3600 2673 3665 quatuor

597 3689 835 3758 onerari,
847 3686 1051 3746 duobus
1070 3686 1278 3763 quidem
1295 3690 1434 3759 suis,
1452 3699 1506 3746 et
1518 3683 1734 3746 totidem
1748 3686 2070 3756 adventitiis,
2085 3706 2270 3763 nempe
2284 3689 2430 3748 visco
2443 3708 2482 3743 a
2497 3687 2666 3752 boma,

596 3783 866 3862 hypheari
896 3806 937 3843 a
965 3784 1198 3845 meridie.
1231 3783 1396 3845 Pline
1425 3804 1459 3844 a
1485 3783 1734 3845 attribue
1769 3805 1843 3844 au
1876 3782 2004 3843 buis
2040 3804 2107 3844 ce
2137 3804 2248 3863 que
2283 3782 2669 3861 Theophraste

598 3905 630 3943 a
657 3883 742 3943 dit
778 3883 848 3943 de
877 3882 1030 3942 l’ilex
1056 3904 1127 3940 au
1156 3880 1298 3943 livre
1320 3897 1432 3955 111,
1473 3878 1579 3955 16,
1617 3880 1689 3941 de
1712 3880 2014 3942 l’His-ton'a
2035 3882 2394 3941 Plantamm.
2418 3882 2673 3959 Hyphear

599 3995 689 4043 est
716 3982 770 4042 le
800 4004 940 4043 nom
965 4003 1077 4062 que
1115 3981 1199 4040 les
1223 3979 1541 4041 Arcadiens
1571 3980 1888 4064 donnaient
1915 3984 1947 4039 a
1971 3992 2143 4041 notre
2174 3981 2290 4063 gui.
2327 3978 2420 4042 Cf.
2451 3979 2507 4042 le
2536 3980 2669 4040 cha-

597 4083 748 4157 pitre
774 4080 855 4165 93
872 4126 891 4156 ‚
921 4103 1052 4142 vers
1079 4079 1135 4139 la
1162 4079 1242 4139 fin
1263 4079 1345 4140 ‘de
1369 4101 1440 4140 ce
1466 4079 1626 4141 Hvre.
