2941 4807
582 400 695 459 356
1019 403 1082 461 C.
1127 405 1364 460 PLINII
1407 405 1599 462 HIST.
1642 406 1808 460 NAT.
1853 406 1990 460 LIB.
2016 405 2200 461 XVII.
2274 468 2277 473 ,

582 530 715 599 Sed
750 553 965 623 neque
1021 526 1136 598 illa
1169 516 1331 622 'quae
1383 527 1737 613 laudatur,
1793 529 1950 615 diu,
2002 544 2447 624 praeterquam
2502 528 2681 598 salici

579 675 763 743 utilis
806 675 1112 743 sentitur.
1152 677 1340 743 Inter
1380 687 1777 769 argumenta
1827 672 2089 767 stipulae
2134 672 2509 741 crassitudo
2545 635 2681 761 est,

493 854 501 861 ·
578 834 762 888 tanta
803 817 1056 912 alioqui
1095 819 1166 887 in
1203 818 1545 886 Laborino
1583 818 1969 911 Campaniae
2013 803 2224 885 nobili
2274 842 2555 911 camp0,
2603 833 2679 886 ut

577 960 741 1057 ligni
783 964 926 1031 vic'e
968 977 1283 1030 utantur:
1326 961 1441 1030 sed
1470 960 1649 1029 idem
1684 959 1904 1030 solum
1938 962 2342 1055 ubicumque
2384 960 2678 1030 arduum

574 1132 817 1202 opere,
850 1106 1119 1175 difficile
1153 1104 1344 1176 cultu
1366 1157 1386 1192 ,
1423 1106 1618 1173 bonis
1663 1106 1800 1174 suis
1841 1107 2062 1177 acrius
2098 1129 2285 1201 paene
2324 1130 2534 1200 quam
2574 1109 2676 1176 vi·

571 1251 683 1320 tiis
712 1265 974 1345 posset,
997 1251 1253 1346 adfligit
1276 1247 1662 1345 agricolam.
1687 1252 1778 1319 Et
1808 1249 2259 1321 carbunculus
2288 1266 2505 1337 terra,
2529 1276 2678 1345 quae

489 1446 508 1461 .
571 1397 664 1463 ita
705 1411 1025 1482 vocatur,
1067 1394 1411 1464 emendari
1462 1394 1600 1462 vite
1638 1414 1864 1462 macra
1913 1407 2212 1488 putatur.
2264 1397 2444 1465 Nam
2500 1395 2678 1463 tofus

571 1539 800 1608 scaber
835 1554 1079 1608 natura
1110 1537 1423 1625 friabilis,
1461 1538 1794 1632 expetitur
1822 1562 2092 1631 quoque
2126 1537 2210 1605 ab
2253 1539 2670 1608 auctoribus.

567 1683 894 1780 Virgilius
920 1701 985 1753 et
1007 1710 1153 1778 quae
1180 1683 1420 1754 filicem
1458 1683 1666 1770 ferat‚
1697 1709 1832 1752 non
1857 1682 2193 1778 improbat
2224 1684 2497 1752 vitibuS.
2530 1683 2677 1754 Sal-

566 1857 787 1926 saeque
821 1847 1017 1901 terrae
1052 1828 1264 1900 multa
1297 1829 1536 1898 melius
1569 1829 1962 1916 creduntur,
1991 1831 2244 1898 tutiora
2275 1854 2314 1898 a
2348 1830 2531 1898 vitiis
2567 1830 2674 1897 in-

563 1978 981 2047 nascentium
1038 1974 1453 2047 animalium.
1512 1978 1656 2048 Nec
1698 1972 1902 2045 colles
1939 1998 2144 2068 opere
2182 1973 2572 2062 nudantur,
2615 1977 2671 2043 si

563 2123 710 2215 quis
754 2122 969 2215 perite
1007 2120 1238 2189 fodiat.
1287 2123 1432 2191 Ne'c
1466 2120 1691 2213 campi
1724 2140 1958 2188 omnes
1997 2120 2217 2186 minus
2254 2116 2427 2189 soles
2464 2135 2669 2214 atque

562 2262 914 2357 perflatUS‚
948 2288 1152 2356 quam
1187 2287 1354 2357 opus
1388 2263 1504 2350 sit,
1532 2261 1892 2355 accipiunt.
1921 2260 2009 2329 Et
2041 2258 2362 2354 quasdam
2398 2262 2666 2355 pr'uinis

559 2434 636 2478 ac
666 2407 924 2477 nebulis
958 2410 1136 2503 pasci
1163 2408 1448 2476 diximus
1474 2408 1661 2477 vites.
1689 2406 2014 2475 Omnium
2047 2432 2267 2475 rerum
2299 2421 2457 2475 sunt
2483 2433 2663 2501 quae·

559 2555 712 2623 dam
763 2557 830 2623 in
867 2552 1008 2624 alto
1040 2568 1326 2642 secreta,
1370 2568 1437 2620 et
1469 2578 1591 2621 suo
1627 2553 1871 2645 cuique
1917 2550 2118 2619 corde
2151 2549 2585 2644 pervidenda.

644 3461 830 3550 Quid
878 3460 1062 3554 quod
1119 3474 1469 3529 mutantur
1523 3477 1694 3555 saepe
1735 3460 2036 3554 judicata
2078 3481 2343 3554 quoqne
2392 3483 2471 3529 ac
2530 3460 2649 3529 diu

545 3605 940 3700 comperta?
974 3608 1055 3674 In
1096 3603 1435 3674 Thessalia
1472 3607 1655 3679 circa¹
1687 3605 2020 3674 Larissam
2060 3579 2299 3699 emisso
2334 3602 2490 3674 lacu
2526 3606 2648 3674 fri-

542 3750 765 3847 gidior
796 3750 973 3820 facta
1007 3775 1083 3820 ea
1120 3724 1486 3848 regidesi,
1526 3749 1819 3845 oleaeque
1856 3749 2238 3840 desierunt,
2276 3776 2423 3845 quae
2453 3754 2647 3846 prius

540 3897 827 3968 fuerant.
866 3902 1036 3979 Item
1066 3898 1236 3994 vites
1268 3896 1500 3984 aduri,
1535 3894 1719 3989 quod
1743 3871 1884 4006 nnn
1921 3901 2119 3981 antea
2139 3950 2158 3984 ‚
2195 3864 2405 3967 AEnos
2435 3898 2642 3966 sensit

409 4009 413 4012 v
537 4041 809 4111 admoto
844 4042 1219 4114 Hebr0.·.Et
1243 4041 1439 4125 circa
1481 4039 1829 4135 Philippos
1862 4039 2129 4111 cultura
2169 4042 2408 4112 siccata
2447 4044 2638 4138 regio
