2941 4807
541 463 653 501 no
991 445 1054 500 C.
1097 442 1334 527 PL1N11
1375 444 1567 511 HIST.
1610 444 1783 503 NAT.
1824 444 2149 544 LOE-XVL

810 1310 979 1369 Nasci
1003 1326 1159 1388 -saepe
1199 1330 1271 1369 ex
1310 1323 1460 1368 terra
1481 1353 1498 1382 ,
1540 1329 1662 1387 quae
1700 1290 1865 1369 autea
1896 1321 2028 1391 nara
2052 1327 2176 1368 non
2209 1310 2338 1367 sint.-

638 1536 817 1604 LXI.
866 1536 1011 1606 Nec
1046 1550 1235 1604 terrae
1269 1548 1535 1605 tantum
1574 1549 1818 1604 natura
1854 1535 2032 1604 circa
2062 1510 2181 1605 heis
2221 1533 2427 1603 refert
2446 1510 2482 1619 ‚³
2505 1547 2626 1603 aut

541 1648 860 1776 perpetua
899 1673 1093 1783 caeli,
1140 1702 1373 1747 verum
1411 1692 1480 1746 et
1518 1676 1824 1771 quaedam
1883 1678 2287 1771 temporaria
2338 1677 2439 1745 vis
2491 1677 2623 1744 im-

542 1822 784 1891 brium.
803 1825 1013 1916 Aquae
1034 1820 1430 1916 plerumque
1459 1823 1709 1890 semina
1730 1820 2076 1892 adferunt.
2103 1836 2169 1891 et
2186 1837 2371 1891 certo
2396 1821 2625 1890 fluunt

549 1990 823 2060 genere,
858 1960 1219 2069 aliquando
1256 1967 1456 2034 etiam
1492 1966 1878 2089 incognito:
1927 1964 2111 2059 quod
2140 1963 2383 2035 accidit
2418 1967 2626 2058 Cyre-

548 2111 757 2185 naicae
819 2108 1075 2204 regioni
1097 2160 1118 2198 ,
1167 2133 1378 2203 quum
1438 2110 1730 2211 primum
1783 2110 1910 2178 ibi·
1900 2108 2339 2211 ·laserpitium
2389 2123 2624 2177 natum

547 2267 685 2326 est.
737 2262 815 2322 ut
859 2255 932 2323 in
976 2252 1335 2322 herbarum
1372 2266 1613 2323 natura
1651 2252 1971 2322 dicemus.
2013 2254 2197 2326 Nata
2229 2268 2327 2321 est
2360 2267 2435 2321 et.
2456 2249 2624 2320 silva

548 2384 701 2469 urssi
740 2399 803 2467 ei
837 2398 1173 2493 proxima,
1212 2396 1440 2466 imbre
1465 2397 1669 2491 piceo‘
1696 2380 2094 2492 crassoque,
2135 2384 2630 2467 circiter‘ur-bis

544 2531 777 2618 Romae
810 2568 1065 2614 aunum
1101 2566 1413 2614 ccccxxx.
1486 2541 1491 2546 ’

1166 2831 1252 2885 De
1290 2829 1495 2899 edera3
1532 2847 1737 2903 genera
1765 2831 1881 2910 ejus
1910 2848 2005 2887 xx.

599 3037 856 3115 LXII.
884 3044 996 3131 34.
1032 3043 1298 3120 Edera
1271 3070 1413 3138 Jam
1449 3031 1748 3116 dicitur
1729 3073 1800 3115 m
1834 3048 1992 3118 Asia
2017 3049 2234 3117 nasci.
2265 3059 2627 3142 negaverat

546 3156 1089 3287 Theophrastus,
1124 3215 1250 3260 nec
1285 3193 1355 3259 in
1394 3190 1627 3280 India,
1666 3193 1792 3261 nisi
1826 3192 1895 3260 in
1928 3208 2154 3304 moute
2186 3163 2398 3263 Mero.
2434 3195 2624 3284 Quin

544 3351 614 3406 et
657 3330 1052 3432 Harpalum
1077 3338 1262 3406 omni
1295 3335 1498 3405 modo
1532 3319 1893 3427 laborasse,
1936 3349 2033 3407 ut.
2046 3352 2306 3408 sereret
2357 3364 2503 3409 eam
2553 3343 2625 3408 in

546 3480 765 3551 Medis
786 3533 806 3569 ‚
829 3507 836 3516 ¹
858 3481 1109 3550 frustra
1142 3506 1161 3549 t
1197 3479 1649 3551 Alexandrum
1689 3507 1848 3553 vero
1880 3482 1967 3551 ob
2003 3486 2345 3553 raritatem
2379 3486 2471 3553 ita
2492 3511 2626 3555 co-

544 3640 785 3696 ronato
826 3625 1123 3694 exercitu
1143 3678 1166 3712 ‚
1211 3625 1532 3695 victorem
1584 3651 1664 3696 ex
1709 3621 1901 3695 ludia
1947 3627 2219 3698 rediisse
2244 3682 2263 3718 ‚
2298 3632 2626 3726 exemplo

545 3769 774 3840 Liberi
813 3769 1070 3864 patris:
1119 3769 1310 3863 cujus
1359 3768 1465 3838 dei
1511 3785 1579 3839 et
1607 3795 1790 3840 nunc
1828 3763 2110 3842 adornat
2161 3773 2459 3870 thyrsos,
2508 3801 2628 3872 ga-

541 3912 807 4010 leasque
843 3915 1043 3990 etiam
1078 3939 1154 3984 ac
1196 3931 1379 3984 scuta
1407 3967 1427 4004 ,
1463 3916 1867 3992 inThraciae
1899 3915 2208 4013 populiS,
2252 3919 2321 3988 in
2357 3916 2624 3988 sollem-

541 4058 735 4129 nibus
756 4058 975 4129 sacris.
991 4056 1286 4158 ⁸Inimica
1308 4057 1564 4148 arbori,
1591 4061 1884 4160 satisque
1896 4061 2223 4131 ‘omnibus
2245 4089 2261 4131 ε
2290 4063 2625 4158 sepulcra,
