2941 4807
459 437 534 494 62
927 441 989 495 C.
1033 438 1262 494 PLINJI
1302 438 1498 493 HIST.
1544 438 1718 493 NAT.
1761 439 1902 493 LIB.
1928 439 2086 495 XVI.

467 589 598 658 que
629 578 696 633 et
721 563 959 634 ovibus
989 589 1324 634 venenum
1353 580 1474 634 est.
1510 564 1699 633 Idem
1730 565 1991 634 homini
2024 579 2259 634 contra
2293 589 2562 661 serpen-

465 710 634 778 tium
678 733 930 778 venena
970 708 1286 778 remedie.

560 1064 599 1107 2
618 1062 673 1107 1.
719 1036 1137 1107 Silvestrium
1202 1038 1462 1133 generis
1521 1036 1679 1106 folia
1737 1061 1876 1106 non
1939 1035 2258 1107 decidunt
2311 1039 2559 1125 abieti,

464 1182 696 1270 larici,
747 1183 1053 1276 pinastro
1085 1232 1103 1269 ,
1136 1182 1495 1275 junipero,
1550 1179 1753 1249 cedro
1778 1232 1797 1266 ,
1853 1180 2277 1270 terebinthe,
2335 1180 2557 1268 bux0,

467 1325 645 1430 ilici,
687 1323 1044 1419 aquifoli0,
1099 1325 1365 1412 suberi,
1408 1338 1568 1393 taxo
1591 1375 1610 1412 ‚
1666 1325 1988 1394 tamarici.
2035 1328 2224 1393 Inter
2276 1337 2560 1418 utraque

472 1495 716 1566 genera
753 1484 911 1539 sunt
943 1468 1278 1537 adrachne
1317 1468 1388 1536 in
1421 1468 1681 1536 Graecia
1700 1519 1720 1556 ,
1758 1483 1826 1537 et
1857 1469 2109 1562 ubique
2147 1467 2388 1537 uned0.
2422 1472 2559 1537 Re-

474 1613 659 1709 liqua
701 1615 880 1684 enim
919 1610 1078 1681 folia
1121 1612 1442 1681 decidunt
1475 1613 1580 1682 his
1606 1665 1625 1699 ,
1669 1627 2111 1708 praeterquam
2155 1613 2226 1681 in
2267 1614 2560 1683 cacumi-

469 1757 688 1827 nibus.
711 1760 872 1831 Non
900 1754 1216 1825 decidunt
1236 1771 1463 1826 autem
1485 1771 1553 1826 et
1581 1758 1652 1825 in
1680 1756 2000 1826 fruticum
2028 1780 2272 1851 genere
2291 1756 2557 1825 cuidam

467 1902 666 1990 rub0‚
706 1916 775 1971 et
805 1899 1080 1970 calam0.
1122 1904 1201 1970 In
1233 1900 1541 1970 Thurino
1580 1925 1776 1996 agre,
1816 1901 1932 1969 ubi
1968 1900 2237 1994 Sybaris
2272 1898 2400 1968 fuit
2421 1950 2440 1987 ‚
2478 1924 2560 1967 ex

470 2050 615 2142 ipsa
644 2044 823 2114 ’urbe
856 2044 1388 2139 prospiciebatur
1437 2069 1725 2138 quercus
1760 2069 1896 2114 una
1920 2096 1940 2133 ,
1981 2067 2350 2140 numquam
2398 2042 2557 2113 folia

402 2284 411 2293 .
473 2189 815 2259 dimittens
837 2241 857 2278 ‚
900 2213 1023 2258 nec
1062 2203 1219 2258 ante
1258 2188 1550 2258 mediam
1585 2201 1881 2257 aestatem
1915 2186 2315 2282 germinanS.
2342 2187 2558 2282 quue

475 2334 720 2403 mirum
739 2347 872 2423 est,
893 2333 1142 2403 Graecis
1168 2333 1556 2402 auctoribus
1577 2332 1949 2428 proditum,
1970 2331 2153 2426 apud
2173 2357 2297 2402 nos
2325 2347 2561 2429 postea

470 2476 670 2549 sileri.
722 2480 895 2548 Nam
941 2478 1245 2548 locorum
1286 2491 1474 2547 tanta
1508 2478 1608 2546 vis
1651 2492 1748 2547 est
1770 2531 1790 2563 ‚
1834 2490 1913 2546 ut
1959 2477 2137 2562 circ-a
2179 2478 2558 2571 Memphim

472 2624 738 2719 AEgypti
764 2673 784 2710 ,
820 2636 886 2690 et
920 2622 991 2689 in
1026 2620 1470 2716 Elephantine
1508 2620 1865 2691 Thebaidis
1909 2618 2075 2690 nulli
2108 2620 2334 2690 arbori
2379 2619 2561 2691 deci-

470 2766 634 2835 dant
653 2816 673 2853 ,
711 2789 798 2835 ne
827 2764 1073 2834 vitibus
1106 2763 1404 2858 quidem.

914 3440 924 3452 ,
1003 3381 1090 3437 De
1121 3389 1323 3436 natura
1361 3379 1636 3436 foliorum
1664 3379 2003 3438 cadentium.
2103 3409 2124 3418 ν

563 3605 879 3674 XXXIV.
920 3629 1031 3673 22.
1074 3605 1330 3685 Ceterae
1364 3627 1598 3673 omnes
1646 3618 1832 3675 extra
1872 3603 2221 3698 praedictas
2259 3602 2548 3692 (etenim

466 3777 855 3823 enumerare
888 3750 1254 3848 longum),
1304 3750 1463 3821 folia
1505 3750 1882 3846 deperdunt
1929 3777 1944 3818 ε
1999 3751 2557 3844 observatumque

468 3927 604 3970 non
643 3926 974 3988 arescere,
1008 3902 1136 3970 nisi
1179 3902 1409 3969 tenuia
1435 3951 1455 3988 ,
1497 3914 1561 3969 et
1595 3899 1728 3969 lata
1751 3950 1771 3987 ,
1808 3914 1876 3967 et
1907 3896 2153 3968 mollia.
2192 3901 2363 3988 Quae
2401 3924 2557 3968 vero

463 4075 600 4119 non
638 4049 948 4120 decidant
968 4101 988 4137 ,
1024 4030 1193 4119 callo
1234 4071 1454 4118 crassa
1478 4099 1497 4135 ,
1534 4061 1602 4116 et
1650 4060 1932 4141 angusta
1970 4070 2129 4115 esse.
2169 4045 2358 4117 Falsa
2394 4046 2558 4115 defi-
