2941 4807
531 422 638 494 176
989 420 1052 475 C.
1095 417 1332 475 PLINII
1372 416 1566 473 HlsT.
1609 417 1775 473 NAT.
1820 418 1957 475 LIB.
1983 419 2140 476 XVI.
2217 427 2222 440 ¹

532 575 639 620 ces
687 563 820 618 tres
842 598 861 635 ,
918 545 1113 614 etiam
1171 542 1454 611 Tibur-to
1496 539 1846 611 conditore
1886 568 2123 614 eorum
2184 544 2577 614 vetustiores
2604 595 2623 632 ,

539 691 721 789 apud
758 715 921 785 quas
961 691 1407 782 inauguratus
1449 685 1756 755 traditur.
1791 689 2018 758 Fuisse
2051 702 2274 757 autem
2307 712 2458 758 eum
2489 691 2628 756 ¹tra-

534 837 705 906 dunt
740 832 951 905 filium
997 830 1432 927 Amphiarai,
1481 831 1598 923 qui
1655 830 1834 925 apud
1868 831 2143 928 GThebas
2200 833 2445 901 obierit
2489 857 2625 902 una

535 994 726 1049 aetate
766 991 918 1046 ante
958 974 1241 1044 Iliacum
1272 969 1547 1042 bellum.

534 1269 632 1327 Ab
668 1270 1099 1342 Agamemnone
1141 1274 1272 1321 satae
1317 1264 1550 1320 arbores
1581 1281 1616 1320 a
1649 1262 1837 1340 primo
1871 1282 2024 1320 anno
2066 1264 2205 1352 belli
2239 1264 2510 1338 Trojani:
2552 1266 2631 1322 ab

609 1365 703 1424 Ilii
743 1362 1129 1439 appellatione
1161 1360 1398 1416 arbores
1433 1360 1585 1434 apud
1616 1359 1852 1433 Trojam
1870 1359 2232 1436 antiquiores
2276 1361 2435 1417 bello
2469 1363 2628 1418 Tro-

609 1480 766 1534 jano.

634 1655 1082 1754 LXXXVIII}
1140 1684 1315 1750 Sunt
1350 1693 1653 1749 auctores
1706 1694 1773 1747 et
1825 1677 2219 1775 Delphicam
2274 1679 2626 1774 platanum

536 1826 1053 1923 Agamemnonis
1090 1849 1295 1893 manu
1332 1836 1543 1894 satam
1573 1850 1589 1891 ε
1630 1838 1697 1892 et
1735 1822 2010 1893 alteram
2052 1825 2121 1891 in
2160 1824 2453 1919 Caphyis
2485 1830 2620 1896 Ar-

427 2002 431 2006 ·
537 1972 740 2043 cadiae
765 1969 938 2040 luco,
969 1971 1140 2037 Sunt
1167 1968 1369 2037 hodie
1393 1992 1473 2037 ex
1505 1966 1785 2037 adverso
1810 1967 2155 2037 Iliensium
2195 1969 2408 2054 urbiS‚
2431 1969 2624 2061 juxta

537 2116 1043 2209 Hellespontum
1065 2165 1085 2199 ‚
1116 2113 1185 2180 in
1224 2109 1574 2181 Protesilai
1618 2110 1923 2205 sepulcro
1957 2112 2259 2198 arbores,
2300 2136 2449 2205 quae
2484 2138 2626 2181 om-

547 2258 744 2331 nibus
781 2259 936 2327 aevis
975 2281 1185 2350 quum
1219 2257 1288 2325 in
1334 2270 1594 2325 tantum
1636 2255 2030 2347 adcrevere,
2077 2270 2150 2324 ut
2193 2255 2392 2325 Ilium
2443 2258 2624 2352 aspi-

537 2411 754 2493 ciant,
803 2407 1228 2490 inarescunt‚
1283 2421 1673 2495 rursusque
1699 2399 2103 2471 adolescunt.
2146 2407 2347 2473 Juxta
2387 2403 2626 2474 urbem

536 2567 758 2622 autem
788 2570 1071 2642 quercus
1093 2532 1218 2632 ‚in
1251 2542 1333 2612 Ili
1367 2541 1633 2613 tumulo
1656 2557 1816 2612 tunc
1843 2530 2004 2613 satae
2037 2545 2376 2633 dicuntur,
2410 2570 2625 2639 quum

541 2695 739 2790 coepit
768 2690 969 2759 Ilium
1004 2682 1251 2757 vocari.

535 2990 679 3045 Item
714 2985 879 3062 Argis
904 2984 981 3041 ab
1007 2984 1251 3039 Hercule
1285 2995 1432 3039 satae.
1480 2983 1568 3038 Ab
1609 2984 1880 3057 Apolline
1915 2951 2062 3043 satae.
2102 2987 2299 3065 Arbor
2331 2991 2626 3068 antiquior

608 3117 619 3125 ,
1354 3100 1524 3155 quam
1551 3081 1804 3138 Athenae.

634 3313 1034 3382 LXXXIX..
1069 3308 1273 3404 Argis
1332 3307 1478 3376 olea
1519 3309 1884 3377 etiamnum
1926 3308 2170 3379 durare
2202 3311 2485 3399 dicitur,
2539 3278 2624 3383 acl

537 3480 739 3555 quam
771 3458 849 3522 Io
883 3453 952 3521 in
982 3477 1253 3522 vaccam
1280 3463 1604 3520 mutatam
1622 3453 1839 3545 Argus
1868 3451 2257 3549 alligaverit.
2292 3458 2372 3524 In
2401 3460 2622 3526 Ponto

536 3604 711 3673 circa
746 3594 1135 3670 Heracleam
1173 3621 1302 3664 arae
1336 3609 1493 3664 sunt
1526 3600 1564 3665 J
1566 3596 1707 3666 ovis
1757 3598 1987 3667 Stratii
2027 3602 2421 3695 cognomine
2452 3630 2469 3672 ε
2528 3606 2620 3673 ibi

538 3770 824 3843 quercus
859 3741 1007 3810 duae
1047 3739 1128 3810 ab
1160 3737 1445 3808 Hercule
1489 3755 1663 3809 satae.
1708 3742 1787 3809 In
1838 3740 2070 3813 eodem
2118 3758 2340 3814 tractu
2379 3763 2619 3841 portus

535 3891 770 3989 Amyci
807 3903 909 3958 est
942 3856 1232 3980 Bebryce
1265 3909 1419 3979 rege
1454 3884 1803 3955 interfecto
1838 3883 2076 3956 clarus.
2119 3889 2280 3982 Ejus
2320 3892 2618 3964 tumulus

534 4063 575 4107 a
621 4058 937 4132 supremo
994 4031 1101 4099 die
1133 4028 1335 4127 *lauro
1375 4030 1665 4122 tegitur,
1711 4055 1926 4123 quam,
1970 4032 2271 4104 insanam
2322 4054 2614 4108 vocant:
