2941 4807
570 451 678 508 166
1031 451 1093 506 C.
1134 451 1373 505 PLINII
1411 402 1606 508 Hlsd'.
1650 451 1821 506 NAT.
1866 451 2008 506 LIB.
2034 450 2191 506 XVI.

563 591 1010 669 rumpuntur:
1055 576 1375 670 priusque
1410 577 1622 663 carie,
1665 599 1868 671 quam
1903 575 2167 644 viribus⁴
2192 573 2542 643 deficiunt.
2569 576 2657 643 Et

562 718 797 814 palmae
832 719 1032 788 arbor
1061 716 1283 788 valida
1313 745 1329 787 t
1368 721 1438 788 in
1475 719 1810 789 diversum
1845 722 2023 789 enim
2057 734 2398 807 curvatur,
2429 733 2495 788 et
2527 743 2651 813 po-

562 852 781 959 pulus.
804 869 1043 935 Cetera
1078 854 1305 935 omnia
1350 864 1661 935 inferiora
1694 866 2075 961 pandantur
2107 891 2122 933 :
2156 863 2382 960 palma
2414 889 2453 932 e
2484 889 2651 934 con-

562 1010 769 1081 trario
801 1009 1202 1079 fornicatim.
1233 1010 1438 1078 Pinus
1474 1025 1540 1078 et
1569 1035 1920 1105 cupressus
1951 1010 2266 1078 adversus
2291 1012 2539 1079 cariem
2568 1011 2654 1078 ti-

563 1179 852 1250 neasque
872 1155 1287 1227 firmissimae.
1313 1154 1535 1224 Facile
1555 1152 1891 1250 pandatur
1916 1154 2184 1250 juglans
2211 1181 2226 1223 t
2261 1155 2435 1227 fiunt
2467 1155 2652 1224 enim

559 1314 625 1405 et
665 1324 746 1368 ex
778 1324 854 1369 ea
888 1300 1131 1369 trabeS.
1170 1300 1415 1393 Frangi
1447 1324 1517 1368 se
1552 1301 1963 1392 praenuntiat
1998 1299 2315 1393 strepitu:
2351 1299 2539 1393 quod
2574 1301 2646 1368 in

443 1506 452 1516 .
558 1443 911 1514 Antandro
956 1442 1231 1530 accidit,
1267 1467 1477 1535 quum
1505 1467 1547 1510 e
1580 1441 1834 1511 balneis
1872 1442 2086 1511 territi
2128 1465 2293 1510 sono
2327 1442 2650 1539 profuge·-

558 1604 742 1658 runt.
777 1582 1023 1673 Pinus,
1060 1589 1261 1682 piceae
1291 1639 1309 1671 ‚
1355 1585 1533 1676 alni,
1571 1585 1655 1654 ad
1693 1610 2018 1679 aquarum
2060 1584 2299 1655 duetus
2337 1587 2407 1654 in
2450 1588 2647 1657 tubos

557 1749 899 1804 cavantur.
940 1732 1224 1807 Obrutae,
1258 1746 1435 1801 terra
1470 1730 1778 1824 plurimis
1824 1730 2068 1799 durant
2117 1733 2329 1799 annis.
2375 1731 2646 1801 Eaedem

556 1881 610 1947 si
660 1903 794 1949 non
851 1876 1276 1971 integantur‚
1312 1874 1446 1942 cito
1495 1888 1893 1944 senescunt:
1946 1875 2195 1945 mirum
2249 1875 2318 1943 in
2361 1874 2643 1945 modum

445 2040 452 2047 “
555 2023 861 2093 fortiores
878 2072 906 2108 ‚v
937 2022 991 2089 si
1027 2020 1271 2093 humor
1310 2032 1502 2092 extra
1539 2042 1807 2113 quoque
1844 2020 2151 2113 supersit.

1257 2777 1348 2833 De
1373 2777 1606 2833 materia
1621 2818 1639 2848 ‚
1671 2776 1909 2834 fabrilia.

543 3022 550 3034 ’
648 3002 992 3069 LXXXII.
1038 2980 1439 3075 Firmissima
1482 3002 1550 3068 in
1580 3016 1838 3069 rectum
1878 2997 2077 3068 abies.
2121 2994 2373 3067 Eadem
2401 2995 2633 3066 valva·

548 3167 698 3210 rum
743 3139 1005 3237 paginis
1035 3195 1054 3232 ,
1101 3157 1168 3211 et
1208 3140 1293 3209 ad
1346 3167 1777 3236 quaecumque
1819 3140 2023 3209 libeat
2066 3140 2384 3208 intestina
2426 3163 2633 3232 opera

543 3285 919 3377 aptissima,
942 3286 1077 3353 sive
1097 3288 1365 3372 Graece,
1389 3284 1524 3351 sive
1543 3287 1920 3378 Campano,
1945 3284 2082 3352 sive
2118 3282 2343 3352 Siculo
2364 3282 2633 3351 fabricae

540 3428 706 3495 artis
747 3453 986 3521 genere
1023 3426 1397 3531 speetabilis
1428 3454 1443 3496 t
1485 3444 1947 3498 ramentorum
1987 3429 2284 3497 crinibus
2306 3480 2326 3516 ,
2361 3429 2625 3524 pampi-

525 3585 705 3646 nato
736 3594 992 3665 semper
1017 3539 1178 3640 orbe
1208 3596 1277 3640 se
1311 3569 1582 3642 volvens
1606 3570 1691 3641 ad
1711 3573 2023 3642 ineitatos
2047 3574 2343 3642 runeinae
2365 3586 2619 3666 raptus,

533 3715 788 3786 Eadem
811 3732 879 3785 et
897 3717 1200 3787 curribus
1223 3715 1875 3786 maxime'soeiabilis
1905 3715 2163 3811 glutino
2178 3768 2198 3806 ,
2224 3718 2293 3785 in
2318 3731 2586 3787 tantum
2603 3769 2623 3804 ,

538 3878 614 3933 ut
654 3863 949 3933 findatur
985 3877 1168 3953 ante,
1201 3888 1335 3957 qua
1362 3862 1570 3933 solida
1606 3877 1725 3933 est.
