2941 4807
444 444 514 503 αἰ,
929 437 991 492 C.
1033 436 1270 491 PLINII
1309 432 1499 490 HIST.
1544 435 1713 489 NAT.
1756 435 1896 488 LIB.
1933 434 2095 490 XVI.

662 654 847 722 Quam
873 653 1050 708 multa
1072 660 1277 725 praeter
1301 650 1569 726 glandem
1594 650 1779 707 serant
1804 650 2015 707 eaedem
2043 650 2294 707 arbores.

539 855 627 919 X.
682 851 956 939 Robur,
1004 849 1264 946 praeter}
1287 849 1583 919 fluctum
1612 902 1631 938 ‚
1670 847 1956 945 plurima
2004 863 2071 917 et
2115 846 2245 917 alia
2287 848 2524 943 gignit.

444 996 754 1088 Namque
785 992 915 1061 fert
952 1006 1019 1062 et
1052 990 1240 1088 gallae
1279 1007 1638 1087 utrumque
1680 1016 1886 1088 genus
1907 1043 1928 1080 ‚
1972 1005 2041 1061 et
2070 989 2373 1085 quaedam
2416 1014 2526 1060 ve-

445 1135 572 1206 luti
612 1126 800 1206 mor'a
820 1186 841 1221 ‚
892 1136 963 1204 ni
1008 1135 1328 1205 distarent
1360 1134 1546 1204 arida
1579 1134 1823 1203 duritie
1854 1160 1872 1203 :
1915 1133 2314 1229 plerumque
2348 1133 2526 1202 tauri

448 1293 652 1374 caput
683 1279 1012 1349 imitantia
1035 1329 1056 1367 ,
1104 1278 1347 1373 quihus
1382 1277 1640 1347 fructas
1694 1277 1865 1348 inest
1916 1275 2170 1347 nucleis
2213 1273 2410 1346 olivae
2442 1277 2528 1344 si·

449 1421 645 1492 milis.
684 1424 1069 1494 Nascuntur
1069 1422 1176 1517 ‘bin
1214 1448 1295 1492 eo
1333 1438 1401 1491 et
1435 1419 1662 1516 pilulae
1684 1474 1705 1511 ‚
1745 1421 2047 1491 'nucibus
2080 1447 2220 1491 non
2253 1421 2527 1490 absimi-

448 1566 544 1636 les
570 1619 589 1655 ,
625 1568 805 1636 intus
845 1567 1166 1637 habentes
1197 1567 1442 1636 floccos
1474 1565 1703 1637 molles
1723 1620 1744 1656 ‚
1792 1561 2213 1637 lucernarum
2259 1563 2527 1634 lumini-

448 1712 577 1780 bus
612 1724 822 1805 aptos.
857 1711 1033 1783 Nam
1060 1724 1129 1778 et
1167 1712 1310 1779 sine
1341 1710 1489 1780 oleo
1521 1711 1839 1803 flagrant,
1877 1713 2074 1780 sicuti
2112 1708 2285 1805 galla
2313 1712 2527 1806 nigra.

450 1858 604 1924 Fert
642 1868 708 1922 et
752 1852 950 1922 aliam
987 1851 1288 1922 inutilem
1324 1849 1603 1949 pilulam
1643 1878 1797 1922 cum
1837 1853 2086 1948 ⁶capillo
2105 1907 2126 1944 ‚
2170 1878 2379 1923 verno
2432 1869 2531 1924 ta·-

451 2023 604 2068 men
648 2012 951 2093 tempore
990 1996 1326 2093 melligeni
1363 2000 1562 2068 succi.
1596 1999 1904 2093 Gignunt
1938 2013 2005 2067 et
2034 1996 2153 2068 alae
2185 2024 2528 2069 ramorum

453 2144 596 2237 ejus
641 2142 884 2238 pilulas
912 2194 932 2230 ,
962 2167 1244 2238 corpore
1265 2195 1284 2230 ‚
1326 2167 1462 2213 non
1499 2141 1842 2238 pedicu10‚
1878 2140 2327 2218 adhaerentes:
2371 2169 2530 2215 can-

454 2288 748 2359 dicantes
766 2286 1097 2359 umbilicis
1122 2315 1138 2356 :
1166 2301 1384 2362 cetera
1408 2290 1600 2383 nigra
1622 2289 1939 2361 varietate
1968 2286 2280 2387 dispersa.
2306 2288 2532 2359 Media

455 2435 634 2541 cocci
683 2432 977 2506 colorem
1012 2433 1283 2506 hahent.
1333 2434 1600 2530 Apertis
1638 2456 1862 2504 amara
1898 2433 2186 2502 inanitas
2221 2447 2341 2506 est.
2389 2431 2533 2504 Ali-

413 2551 419 2556 *
456 2575 726 2669 quando
757 2591 822 2644 et
856 2576 1148 2671 pumices
1174 2574 1432 2672 gignit:
1472 2600 1733 2645 necnon
1767 2590 1837 2644 et
1863 2600 1901 2643 e
1934 2574 2109 2645 foliis
2139 2575 2534 2647 convolutas

455 2717 698 2812 pilulas
728 2745 745 2787 z
790 2734 860 2788 et
890 2722 961 2789 in
1004 2717 1165 2789 folio
1200 2719 1482 2788 rubente
1519 2741 1800 2813 aquosos
1836 2717 2138 2808 nucleOS,
2178 2718 2532 2790 candican-

457 2880 556 2933 tes
593 2888 670 2932 ac
714 2861 1183 2953 translucidOS,
1227 2862 1546 2957 quamdiu
1592 2861 1826 2933 molles
1858 2864 1993 2933 sint
2017 2916 2035 2953 ,
2077 2866 2146 2932 in
2181 2866 2425 2959 quibus
2465 2879 2534 2937 et

457 3006 700 3081 culices
734 3025 1141 3082 nascuntur:
1178 3020 1638 3082 maturescunt
1670 3010 1738 3082 in
1787 3005 2062 3079 modum
2103 3007 2314 3105 gallae.

1360 3692 1618 3765 CachryS.

554 3892 671 3958 XI.
713 3890 777 3958 8.
828 3893 1076 3959 Ferunt
1110 3890 1354 3959 robora
1393 3905 1459 3959 et
1495 3891 1786 3985 cachryn
1829 3890 1966 3985 (ita
2010 3904 2284 3960 vocatur·
2324 3889 2532 3985 pilula

462 4032 527 4098 in
567 4031 890 4103 medicina
925 4033 1158 4103 urendi
1193 4036 1325 4105 vim
1361 4034 1607 4104 habens
1625 4035 1673 4129 ).
1720 4035 2041 4130 Gignitur
2079 4050 2144 4105 et
2178 4036 2248 4105 in
2281 4035 2495 4105 abiete
2521 4085 2541 4121 ,
