2941 4807
578 427 688 483 168
1030 431 1092 484 c,
1136 430 1370 485 PL1N11
1411 418 1602 486 ms‘r.
1648 430 1815 484 NAT.
1856 406 1996 484 Lm.
2024 427 2187 484 xw.

1127 714 1133 721 ·
1245 693 1333 747 De
1370 692 1704 766 glutinanda
1737 691 1987 747 materia.

565 917 570 920 ’
663 912 1047 980 LXXXIII.
1085 910 1200 997 [43.
1236 916 1490 1008 Magna
1522 927 1740 983 autem
1773 928 1838 981 et
1863 910 2106 1007 glutini
2139 912 2346 996 ratio,
2379 923 2656 1004 propter

566 1076 644 1121 ea
675 1079 825 1148 quae
859 1044 1196 1125 sectilibus
1234 1055 1530 1145 laminis,
1572 1081 1648 1125 ac
1680 1058 1751 1125 in
1795 1053 1927 1125 alio
1956 1079 2197 1149 genere
2224 1054 2649 1149 operiuntur.

565 1196 973 1268 stamineam
1013 1202 1082 1268 in
1133 1201 1262 1270 hoc
1314 1228 1437 1271 usu
1486 1199 1775 1296 probant
1818 1197 2060 1269 venam
2083 1254 2102 1288 ‚
2159 1215 2226 1269 et
2273 1215 2521 1269 vocant
2565 1200 2660 1268 fe·

562 1341 896 1451 rulaceam
920 1398 939 1432 ,
986 1314 1378 1442 argumento
1420 1345 1912 1434 similitudinis,
1966 1345 2280 1439 quoniam
2337 1342 2660 1412 laciniose

558 1488 808 1583 crispa,
840 1491 909 1558 in
945 1491 1127 1558 omni
1155 1515 1414 1584 genere.
1444 1494 1534 1563 Et
1556 1490 1888 1584 glutinum
1913 1488 2225 1560 abdicant
2253 1487 2558 1582 quaedam
2590 1503 2657 1558 et

562 1633 742 1703 inter
793 1659 862 1703 se
893 1649 960 1703 et
1001 1660 1157 1703 cum
1199 1633 1342 1703 aliis
1390 1632 1803 1705 insociabilia
1841 1632 2143 1728 glutino,
2178 1634 2352 1702 sicut
2388 1631 2603 1701 robur
2635 1657 2649 1696 ε

558 1796 683 1860 nec
723 1780 861 1848 fere
896 1781 1265 1867 cohaerent,
1302 1782 1429 1849 nisi
1461 1779 1701 1850 similia
1747 1794 1987 1848 natura
2017 1806 2032 1847 ε
2076 1793 2151 1848 ut
2185 1780 2242 1846 si
2272 1778 2421 1870 quis
2470 1775 2645 1868 lapi-

559 1899 712 1993 ilem
736 1924 1127 2020 lignumque
1157 1927 1539 2020 conjungat.
1572 1929 1877 1995 Cornum
1903 1924 2191 1992 maxime
2214 1894 2358 1990 odit
2385 1920 2647 2008 sorbUS,

555 2072 901 2164 carpium,
936 2071 1151 2139 buxus
1175 2125 1193 2158 ‚
1229 2086 1461 2164 postea
1503 2068 1664 2137 tilia.
1705 2070 2124 2163 Cuicumque
2156 2068 2343 2162 operi
2383 2065 2648 2155 facilia,

551 2211 795 2283 flexilia
848 2217 1113 2303 omnia,
1166 2240 1313 2308 quae
1353 2213 1534 2284 lenta
1571 2213 1860 2283 diximus
1894 2236 1911 2282 t
1954 2225 2324 2307 praeterque
2347 2263 2367 2295 ,
2413 2234 2645 2279 morus

552 2371 621 2426 et
664 2358 1035 2454 caprificus·
1084 2355 1444 2430 Sermbilia
1465 2409 1486 2444 ‚
1539 2382 1617 2428 ac
1660 2353 1917 2426 sectilia
1937 2407 1956 2444 ‚
2002 2379 2152 2449 quae
2196 2352 2460 2430 modice
2510 2352 2644 2424 hu·-

549 2501 750 2570 mida.
778 2503 985 2573 Arida
1023 2504 1201 2569 enim
1235 2499 1481 2570 lentius
1519 2524 1715 2567 serrae
1751 2499 2043 2568 cedunt:
2086 2495 2353 2584 viridia,
2398 2511 2646 2589 praeter

548 2648 756 2716 robur
812 2662 877 2716 et
935 2648 1191 2716 buxum
1220 2699 1238 2734 ‚
1295 2647 1700 2740 pertinacius
1757 2647 2073 2714 resistunt
2101 2697 2119 2732 ‚
2170 2668 2645 2737 serrarumque

547 2790 780 2860 dentes
810 2789 1069 2884 replent
1107 2757 1484 2883 aequalitate
1522 2789 1759 2857 inerti:
1805 2813 1939 2882 qua
1979 2787 2061 2857 de
2094 2812 2332 2874 causa,
2379 2785 2645 2855 alterna

545 2929 977 3004 inclinatione
997 2946 1275 3026 egerunt
1296 2930 1587 3000 scobem.
1612 2928 2182 3010 Obedientissima
2207 2953 2641 3023 quocumque

425 3089 436 3102 “
543 3078 614 3153 in
649 3101 852 3176 opere
887 3076 1219 3160 fraxinuS,
1251 3075 1619 3167 eademque
1645 3074 1851 3144 hastis
1875 3072 2105 3169 corylo
2139 3073 2402 3162 melior,
2422 3099 2639 3143 cornu

541 3220 791 3307 levior,
833 3222 1044 3291 sorbo
1106 3219 1366 3290 lentior.
1419 3217 1683 3288 'Gallica
1738 3243 1900 3289 vero
1923 3272 1942 3306 ,
1994 3222 2196 3288 etiam
2255 3220 2339 3287 ad
2391 3243 2636 3289 currus

539 3365 850 3435 flexibilis
872 3420 891 3457 ,
927 3368 1131 3436 vitem
1167 3363 1594 3435 aemularetur
1620 3365 1844 3433 ulmus
1868 3418 1887 3450 ,
1932 3367 2002 3434 ni
2034 3363 2299 3461 pondus
2338 3381 2516 3435 esset
2565 3368 2634 3433 in

540 3508 753 3607 culpa.
