<?xml version="1.0" encoding="UTF-8"?>
<!DOCTYPE html PUBLIC "-//W3C//DTD XHTML 1.0 Transitional//EN"
    "http://www.w3.org/TR/xhtml1/DTD/xhtml1-transitional.dtd">
<html xmlns="http://www.w3.org/1999/xhtml" xml:lang="en" lang="en">
 <head>
  <title>
</title>
<meta http-equiv="Content-Type" content="text/html;charset=utf-8" />
  <meta name='ocr-system' content='tesseract 3.04.00' />
  <meta name='ocr-capabilities' content='ocr_page ocr_carea ocr_par ocr_line ocrx_word'/>
</head>
<body>
  <div class='ocr_page' id='page_1' title='image "./histoirenaturel00grangoog_0148.png"; bbox 0 0 2941 4807; ppageno 0'>
   <div class='ocr_carea' id='block_1_1' title="bbox 553 415 2136 484">
    <p class='ocr_par' dir='ltr' id='par_1_1' title="bbox 553 415 2136 484">
     <span class='ocr_line' id='line_1_1' title="bbox 553 415 2136 484; baseline 0 -1"><span class='ocrx_word' id='word_1_1' title='bbox 553 415 663 483; x_wconf 77' lang='lat'>138</span> <span class='ocrx_word' id='word_1_2' title='bbox 989 429 1052 483; x_wconf 91' lang='lat' dir='ltr'>C.</span> <span class='ocrx_word' id='word_1_3' title='bbox 1091 426 1325 482; x_wconf 86' lang='lat' dir='ltr'>PLINII</span> <span class='ocrx_word' id='word_1_4' title='bbox 1363 424 1556 483; x_wconf 79' lang='lat' dir='ltr'>HlsT.</span> <span class='ocrx_word' id='word_1_5' title='bbox 1597 425 1769 483; x_wconf 71' lang='lat' dir='ltr'><strong>NAT.</strong></span> <span class='ocrx_word' id='word_1_6' title='bbox 1814 425 1951 481; x_wconf 69' lang='lat' dir='ltr'>Lm</span> <span class='ocrx_word' id='word_1_7' title='bbox 1976 425 2136 484; x_wconf 82' lang='lat' dir='ltr'><strong>XVI.</strong></span> 
     </span>
    </p>
   </div>
   <div class='ocr_carea' id='block_1_2' title="bbox 545 546 2634 1785">
    <p class='ocr_par' dir='ltr' id='par_1_2' title="bbox 545 546 2634 1785">
     <span class='ocr_line' id='line_1_2' title="bbox 549 546 2630 647; baseline -0.003 -27"><span class='ocrx_word' id='word_1_8' title='bbox 549 575 707 647; x_wconf 87' lang='lat' dir='ltr'>pes:</span> <span class='ocrx_word' id='word_1_9' title='bbox 751 552 799 619; x_wconf 92' lang='lat' dir='ltr'>ii</span> <span class='ocrx_word' id='word_1_10' title='bbox 830 564 1156 628; x_wconf 86' lang='lat' dir='ltr'>vocantur</span> <span class='ocrx_word' id='word_1_11' title='bbox 1191 575 1232 617; x_wconf 90' lang='lat' dir='ltr'>a</span> <span class='ocrx_word' id='word_1_12' title='bbox 1269 546 1494 618; x_wconf 87' lang='lat' dir='ltr'>colore</span> <span class='ocrx_word' id='word_1_13' title='bbox 1529 546 1889 617; x_wconf 88' lang='lat' dir='ltr'>alburnum</span> <span class='ocrx_word' id='word_1_14' title='bbox 1923 574 1939 616; x_wconf 75' lang='lat' dir='ltr'>t</span> <span class='ocrx_word' id='word_1_15' title='bbox 1977 546 2195 617; x_wconf 90' lang='lat' dir='ltr'>mollis</span> <span class='ocrx_word' id='word_1_16' title='bbox 2231 572 2307 616; x_wconf 93' lang='lat' dir='ltr'>ac</span> <span class='ocrx_word' id='word_1_17' title='bbox 2345 547 2630 641; x_wconf 82' lang='lat' dir='ltr'>pessima</span> 
     </span>
     <span class='ocr_line' id='line_1_3' title="bbox 550 690 2633 790; baseline -0.002 -27"><span class='ocrx_word' id='word_1_18' title='bbox 550 718 708 789; x_wconf 90' lang='lat' dir='ltr'>pars</span> <span class='ocrx_word' id='word_1_19' title='bbox 751 692 956 790; x_wconf 85' lang='lat' dir='ltr'>ligni,</span> <span class='ocrx_word' id='word_1_20' title='bbox 1003 694 1209 769; x_wconf 75' lang='lat' dir='ltr'>etiam</span> <span class='ocrx_word' id='word_1_21' title='bbox 1257 695 1326 761; x_wconf 92' lang='lat' dir='ltr'>in</span> <span class='ocrx_word' id='word_1_22' title='bbox 1371 693 1614 762; x_wconf 79' lang='lat' dir='ltr'>robore</span> <span class='ocrx_word' id='word_1_23' title='bbox 1656 690 1851 762; x_wconf 88' lang='lat' dir='ltr'>facile</span> <span class='ocrx_word' id='word_1_24' title='bbox 1887 706 2311 787; x_wconf 83' lang='lat' dir='ltr'>putrescens,</span> <span class='ocrx_word' id='word_1_25' title='bbox 2352 691 2633 760; x_wconf 80' lang='lat' dir='ltr'>teredini</span> 
     </span>
     <span class='ocr_line' id='line_1_4' title="bbox 548 808 2630 933; baseline -0.001 -29"><span class='ocrx_word' id='word_1_26' title='bbox 548 834 878 933; x_wconf 79' lang='lat' dir='ltr'>obnoxia:</span> <span class='ocrx_word' id='word_1_27' title='bbox 916 858 1123 927; x_wconf 86' lang='lat' dir='ltr'>quare</span> <span class='ocrx_word' id='word_1_28' title='bbox 1159 808 1421 928; x_wconf 75' lang='lat' dir='ltr'>semper</span> <span class='ocrx_word' id='word_1_29' title='bbox 1460 834 1937 926; x_wconf 83' lang='lat' dir='ltr'><strong>amputabitur.</strong></span> <span class='ocrx_word' id='word_1_30' title='bbox 1977 833 2222 902; x_wconf 87' lang='lat' dir='ltr'>Subest</span> <span class='ocrx_word' id='word_1_31' title='bbox 2253 832 2410 901; x_wconf 92' lang='lat' dir='ltr'>huic</span> <span class='ocrx_word' id='word_1_32' title='bbox 2445 854 2630 918; x_wconf 79' lang='lat' dir='ltr'>carn,</span> 
     </span>
     <span class='ocr_line' id='line_1_5' title="bbox 547 956 2632 1081; baseline -0.002 -33"><span class='ocrx_word' id='word_1_33' title='bbox 547 978 656 1049; x_wconf 85' lang='lat' dir='ltr'>cui</span> <span class='ocrx_word' id='word_1_34' title='bbox 691 1002 881 1047; x_wconf 86' lang='lat' dir='ltr'>ossa:</span> <span class='ocrx_word' id='word_1_35' title='bbox 925 975 995 1044; x_wconf 92' lang='lat' dir='ltr'>id</span> <span class='ocrx_word' id='word_1_36' title='bbox 1034 992 1172 1063; x_wconf 89' lang='lat' dir='ltr'>est,</span> <span class='ocrx_word' id='word_1_37' title='bbox 1216 979 1507 1044; x_wconf 85' lang='lat' dir='ltr'>materiae</span> <span class='ocrx_word' id='word_1_38' title='bbox 1551 976 1901 1081; x_wconf 83' lang='lat' dir='ltr'>optimum.</span> <span class='ocrx_word' id='word_1_39' title='bbox 1943 956 2294 1046; x_wconf 86' lang='lat' dir='ltr'>Alternant</span> <span class='ocrx_word' id='word_1_40' title='bbox 2332 975 2632 1063; x_wconf 75' lang='lat' dir='ltr'>fructuS,</span> 
     </span>
     <span class='ocr_line' id='line_1_6' title="bbox 547 1118 2634 1219; baseline -0.002 -26"><span class='ocrx_word' id='word_1_41' title='bbox 547 1122 789 1219; x_wconf 79' lang='lat' dir='ltr'>quibus</span> <span class='ocrx_word' id='word_1_42' title='bbox 824 1122 1058 1191; x_wconf 88' lang='lat' dir='ltr'>siccius</span> <span class='ocrx_word' id='word_1_43' title='bbox 1089 1118 1381 1216; x_wconf 84' lang='lat' dir='ltr'>lignum,</span> <span class='ocrx_word' id='word_1_44' title='bbox 1415 1136 1487 1189; x_wconf 90' lang='lat' dir='ltr'>ut</span> <span class='ocrx_word' id='word_1_45' title='bbox 1516 1119 1660 1188; x_wconf 91' lang='lat' dir='ltr'>olea</span> <span class='ocrx_word' id='word_1_46' title='bbox 1692 1147 1706 1187; x_wconf 88' lang='lat'><strong>:</strong></span> <span class='ocrx_word' id='word_1_47' title='bbox 1745 1121 1955 1215; x_wconf 81' lang='lat' dir='ltr'>magis</span> <span class='ocrx_word' id='word_1_48' title='bbox 1987 1144 2186 1213; x_wconf 85' lang='lat' dir='ltr'>quam</span> <span class='ocrx_word' id='word_1_49' title='bbox 2220 1119 2462 1212; x_wconf 88' lang='lat' dir='ltr'>quibus</span> <span class='ocrx_word' id='word_1_50' title='bbox 2495 1144 2634 1188; x_wconf 90' lang='lat' dir='ltr'>car-</span> 
     </span>
     <span class='ocr_line' id='line_1_7' title="bbox 550 1259 2632 1357; baseline -0.003 -21"><span class='ocrx_word' id='word_1_51' title='bbox 550 1289 791 1336; x_wconf 86' lang='lat' dir='ltr'>nosum</span> <span class='ocrx_word' id='word_1_52' title='bbox 808 1315 827 1352; x_wconf 92' lang='lat'>,</span> <span class='ocrx_word' id='word_1_53' title='bbox 859 1278 932 1333; x_wconf 87' lang='lat' dir='ltr'>ut</span> <span class='ocrx_word' id='word_1_54' title='bbox 960 1289 1243 1334; x_wconf 88' lang='lat' dir='ltr'>cerasus.</span> <span class='ocrx_word' id='word_1_55' title='bbox 1281 1264 1422 1333; x_wconf 88' lang='lat' dir='ltr'>Nec</span> <span class='ocrx_word' id='word_1_56' title='bbox 1457 1264 1768 1339; x_wconf 84' lang='lat' dir='ltr'>omnibus</span> <span class='ocrx_word' id='word_1_57' title='bbox 1795 1262 2023 1355; x_wconf 86' lang='lat' dir='ltr'>adipes</span> <span class='ocrx_word' id='word_1_58' title='bbox 2051 1286 2363 1340; x_wconf 82' lang='lat' dir='ltr'>carnesve</span> <span class='ocrx_word' id='word_1_59' title='bbox 2394 1259 2596 1357; x_wconf 82' lang='lat' dir='ltr'>largae</span> <span class='ocrx_word' id='word_1_60' title='bbox 2613 1313 2632 1348; x_wconf 86' lang='lat'>‚</span> 
     </span>
     <span class='ocr_line' id='line_1_8' title="bbox 546 1405 2630 1493; baseline -0.002 -14"><span class='ocrx_word' id='word_1_61' title='bbox 546 1410 742 1480; x_wconf 86' lang='lat' dir='ltr'>sicuti</span> <span class='ocrx_word' id='word_1_62' title='bbox 774 1432 900 1476; x_wconf 85' lang='lat' dir='ltr'>nec</span> <span class='ocrx_word' id='word_1_63' title='bbox 934 1405 1326 1476; x_wconf 89' lang='lat' dir='ltr'>animalium</span> <span class='ocrx_word' id='word_1_64' title='bbox 1352 1406 1713 1474; x_wconf 83' lang='lat' dir='ltr'>acerrimis.</span> <span class='ocrx_word' id='word_1_65' title='bbox 1739 1406 2070 1475; x_wconf 84' lang='lat' dir='ltr'>Neutrum</span> <span class='ocrx_word' id='word_1_66' title='bbox 2095 1405 2348 1474; x_wconf 88' lang='lat' dir='ltr'>habent</span> <span class='ocrx_word' id='word_1_67' title='bbox 2379 1406 2630 1493; x_wconf 80' lang='lat' dir='ltr'>buxuS,</span> 
     </span>
     <span class='ocr_line' id='line_1_9' title="bbox 548 1547 2632 1645; baseline -0.003 -21"><span class='ocrx_word' id='word_1_68' title='bbox 548 1577 826 1640; x_wconf 86' lang='lat' dir='ltr'>cornus,</span> <span class='ocrx_word' id='word_1_69' title='bbox 862 1550 1045 1621; x_wconf 86' lang='lat' dir='ltr'>olea:</span> <span class='ocrx_word' id='word_1_70' title='bbox 1074 1575 1197 1619; x_wconf 91' lang='lat' dir='ltr'>nec</span> <span class='ocrx_word' id='word_1_71' title='bbox 1219 1547 1581 1619; x_wconf 81' lang='lat' dir='ltr'>medullam</span> <span class='ocrx_word' id='word_1_72' title='bbox 1611 1551 2096 1643; x_wconf 89' lang='lat' dir='ltr'>minimumque</span> <span class='ocrx_word' id='word_1_73' title='bbox 2131 1548 2330 1618; x_wconf 81' lang='lat' dir='ltr'>etiam</span> <span class='ocrx_word' id='word_1_74' title='bbox 2367 1551 2632 1645; x_wconf 88' lang='lat' dir='ltr'>sangui-</span> 
     </span>
     <span class='ocr_line' id='line_1_10' title="bbox 545 1692 2630 1785; baseline -0.002 -20"><span class='ocrx_word' id='word_1_75' title='bbox 545 1698 687 1765; x_wconf 87' lang='lat' dir='ltr'>nis:</span> <span class='ocrx_word' id='word_1_76' title='bbox 729 1697 907 1765; x_wconf 87' lang='lat' dir='ltr'>sicut·</span> <span class='ocrx_word' id='word_1_77' title='bbox 938 1718 1084 1763; x_wconf 90' lang='lat' dir='ltr'>ossa</span> <span class='ocrx_word' id='word_1_78' title='bbox 1113 1718 1262 1778; x_wconf 74' lang='lat' dir='ltr'>,non</span> <span class='ocrx_word' id='word_1_79' title='bbox 1296 1694 1551 1762; x_wconf 91' lang='lat' dir='ltr'>habent</span> <span class='ocrx_word' id='word_1_80' title='bbox 1588 1693 1781 1762; x_wconf 88' lang='lat' dir='ltr'>sorba</span> <span class='ocrx_word' id='word_1_81' title='bbox 1807 1745 1826 1779; x_wconf 88' lang='lat'>‚</span> <span class='ocrx_word' id='word_1_82' title='bbox 1866 1717 2133 1761; x_wconf 88' lang='lat' dir='ltr'>carnem</span> <span class='ocrx_word' id='word_1_83' title='bbox 2174 1693 2477 1761; x_wconf 86' lang='lat' dir='ltr'>sambuci</span> <span class='ocrx_word' id='word_1_84' title='bbox 2522 1692 2630 1785; x_wconf 87' lang='lat' dir='ltr'>(et</span> 
     </span>
    </p>
   </div>
   <div class='ocr_carea' id='block_1_3' title="bbox 541 1836 2628 1935">
    <p class='ocr_par' dir='ltr' id='par_1_3' title="bbox 541 1836 2628 1935">
     <span class='ocr_line' id='line_1_11' title="bbox 541 1836 2628 1935; baseline -0.002 -27"><span class='ocrx_word' id='word_1_85' title='bbox 541 1839 903 1935; x_wconf 82' lang='lat' dir='ltr'>plurimam</span> <span class='ocrx_word' id='word_1_86' title='bbox 953 1839 1162 1907; x_wconf 86' lang='lat' dir='ltr'>ambae</span> <span class='ocrx_word' id='word_1_87' title='bbox 1208 1836 1646 1933; x_wconf 85' lang='lat' dir='ltr'>medullam):</span> <span class='ocrx_word' id='word_1_88' title='bbox 1684 1862 1807 1906; x_wconf 89' lang='lat' dir='ltr'>nec</span> <span class='ocrx_word' id='word_1_89' title='bbox 1844 1836 2204 1906; x_wconf 90' lang='lat' dir='ltr'>arundines</span> <span class='ocrx_word' id='word_1_90' title='bbox 2244 1837 2496 1930; x_wconf 86' lang='lat' dir='ltr'>majore</span> <span class='ocrx_word' id='word_1_91' title='bbox 2551 1864 2628 1905; x_wconf 81' lang='lat' dir='ltr'>ex</span> 
     </span>
    </p>
   </div>
   <div class='ocr_carea' id='block_1_4' title="bbox 544 1980 816 2079">
    <p class='ocr_par' dir='ltr' id='par_1_4' title="bbox 544 1980 816 2079">
     <span class='ocr_line' id='line_1_12' title="bbox 544 1980 816 2079; baseline 0 -26"><span class='ocrx_word' id='word_1_92' title='bbox 544 1999 753 2079; x_wconf 87' lang='lat' dir='ltr'>parte.</span> <span class='ocrx_word' id='word_1_93' title='bbox 813 1980 816 1983; x_wconf 26' lang='lat'>¹</span> 
     </span>
    </p>
   </div>
   <div class='ocr_carea' id='block_1_5' title="bbox 2877 53 2880 3244">
    <p class='ocr_par' dir='ltr' id='par_1_5' title="bbox 2877 53 2880 3244">
     <span class='ocr_line' id='line_1_13' title="bbox 2877 53 2880 3244; baseline 0 0"><span class='ocrx_word' id='word_1_94' title='bbox 2877 53 2880 3244; x_wconf 95' lang='lat' dir='ltr'> </span> 
     </span>
    </p>
   </div>
   <div class='ocr_carea' id='block_1_6' title="bbox 1124 3104 2031 3180">
    <p class='ocr_par' dir='ltr' id='par_1_6' title="bbox 1124 3104 2031 3180">
     <span class='ocr_line' id='line_1_14' title="bbox 1124 3104 2031 3180; baseline -0.003 -17"><span class='ocrx_word' id='word_1_95' title='bbox 1124 3108 1213 3164; x_wconf 85' lang='lat' dir='ltr'>De</span> <span class='ocrx_word' id='word_1_96' title='bbox 1243 3108 1527 3164; x_wconf 78' lang='lat' dir='ltr'>arborum&#39;</span> <span class='ocrx_word' id='word_1_97' title='bbox 1547 3106 1706 3162; x_wconf 79' lang='lat' dir='ltr'>venis</span> <span class='ocrx_word' id='word_1_98' title='bbox 1738 3116 1794 3162; x_wconf 84' lang='lat' dir='ltr'>et</span> <span class='ocrx_word' id='word_1_99' title='bbox 1824 3104 2031 3180; x_wconf 79' lang='lat' dir='ltr'>pulpis.</span> 
     </span>
    </p>
   </div>
   <div class='ocr_carea' id='block_1_7' title="bbox 544 3295 2662 4003">
    <p class='ocr_par' dir='ltr' id='par_1_7' title="bbox 544 3295 2662 4003">
     <span class='ocr_line' id='line_1_15' title="bbox 605 3295 2631 3439; baseline -0.003 -43"><span class='ocrx_word' id='word_1_100' title='bbox 605 3353 610 3357; x_wconf 83' lang='lat'><strong>·</strong></span> <span class='ocrx_word' id='word_1_101' title='bbox 639 3331 954 3439; x_wconf 72' lang='lat' dir='ltr'>LXXIII.</span> <span class='ocrx_word' id='word_1_102' title='bbox 984 3332 1063 3397; x_wconf 91' lang='lat' dir='ltr'>In</span> <span class='ocrx_word' id='word_1_103' title='bbox 1095 3304 1542 3422; x_wconf 85' lang='lat' dir='ltr'>quarumdam</span> <span class='ocrx_word' id='word_1_104' title='bbox 1575 3328 1894 3397; x_wconf 88' lang='lat' dir='ltr'>arborum</span> <span class='ocrx_word' id='word_1_105' title='bbox 1922 3326 2237 3395; x_wconf 82' lang='lat' dir='ltr'>carnibus</span> <span class='ocrx_word' id='word_1_106' title='bbox 2261 3321 2489 3418; x_wconf 80' lang='lat' dir='ltr'>pulpae</span> <span class='ocrx_word' id='word_1_107' title='bbox 2522 3295 2631 3391; x_wconf 78' lang='lat' dir='ltr'>ve-</span> 
     </span>
     <span class='ocr_line' id='line_1_16' title="bbox 544 3449 2662 3566; baseline -0.003 -24"><span class='ocrx_word' id='word_1_108' title='bbox 544 3496 777 3566; x_wconf 86' lang='lat' dir='ltr'>naeque</span> <span class='ocrx_word' id='word_1_109' title='bbox 806 3489 981 3542; x_wconf 88' lang='lat' dir='ltr'>sunt.</span> <span class='ocrx_word' id='word_1_110' title='bbox 1009 3474 1388 3543; x_wconf 87' lang='lat' dir='ltr'>Discrimen</span> <span class='ocrx_word' id='word_1_111' title='bbox 1420 3498 1651 3542; x_wconf 86' lang='lat' dir='ltr'>earum</span> <span class='ocrx_word' id='word_1_112' title='bbox 1683 3470 1894 3542; x_wconf 85' lang='lat' dir='ltr'>facile.</span> <span class='ocrx_word' id='word_1_113' title='bbox 1930 3474 2136 3542; x_wconf 85' lang='lat' dir='ltr'>Venae</span> <span class='ocrx_word' id='word_1_114' title='bbox 2170 3469 2437 3538; x_wconf 87' lang='lat' dir='ltr'>latiores</span> <span class='ocrx_word' id='word_1_115' title='bbox 2470 3449 2662 3536; x_wconf 33' lang='lat' dir='ltr'>can-¹</span> 
     </span>
     <span class='ocr_line' id='line_1_17' title="bbox 546 3611 2638 3713; baseline -0.003 -28"><span class='ocrx_word' id='word_1_116' title='bbox 546 3617 966 3710; x_wconf 91' lang='lat' dir='ltr'>didioresque</span> <span class='ocrx_word' id='word_1_117' title='bbox 1001 3615 1221 3713; x_wconf 83' lang='lat' dir='ltr'>pulpae</span> <span class='ocrx_word' id='word_1_118' title='bbox 1259 3616 1575 3687; x_wconf 90' lang='lat' dir='ltr'>fissilibus</span> <span class='ocrx_word' id='word_1_119' title='bbox 1614 3619 1863 3685; x_wconf 90' lang='lat' dir='ltr'>insunt.</span> <span class='ocrx_word' id='word_1_120' title='bbox 1904 3613 2065 3685; x_wconf 90' lang='lat' dir='ltr'>Ideo</span> <span class='ocrx_word' id='word_1_121' title='bbox 2103 3614 2209 3702; x_wconf 85' lang='lat' dir='ltr'>fit,</span> <span class='ocrx_word' id='word_1_122' title='bbox 2240 3628 2317 3683; x_wconf 90' lang='lat' dir='ltr'>ut</span> <span class='ocrx_word' id='word_1_123' title='bbox 2347 3637 2512 3682; x_wconf 90' lang='lat' dir='ltr'>aure</span> <span class='ocrx_word' id='word_1_124' title='bbox 2546 3611 2638 3680; x_wconf 88' lang='lat' dir='ltr'>ad·</span> 
     </span>
     <span class='ocr_line' id='line_1_18' title="bbox 547 3755 2633 3857; baseline -0.003 -26"><span class='ocrx_word' id='word_1_125' title='bbox 547 3775 748 3855; x_wconf 88' lang='lat' dir='ltr'>caput</span> <span class='ocrx_word' id='word_1_126' title='bbox 777 3762 981 3831; x_wconf 86' lang='lat' dir='ltr'>trabis</span> <span class='ocrx_word' id='word_1_127' title='bbox 1004 3760 1373 3855; x_wconf 79' lang='lat' dir='ltr'>quamlibet</span> <span class='ocrx_word' id='word_1_128' title='bbox 1393 3760 1747 3857; x_wconf 85' lang='lat' dir='ltr'>praelongae</span> <span class='ocrx_word' id='word_1_129' title='bbox 1775 3759 2077 3847; x_wconf 90' lang='lat' dir='ltr'>admota,</span> <span class='ocrx_word' id='word_1_130' title='bbox 2112 3761 2281 3829; x_wconf 88' lang='lat' dir='ltr'>ictus</span> <span class='ocrx_word' id='word_1_131' title='bbox 2307 3758 2391 3827; x_wconf 89' lang='lat' dir='ltr'>ab</span> <span class='ocrx_word' id='word_1_132' title='bbox 2419 3755 2633 3825; x_wconf 88' lang='lat' dir='ltr'>altero</span> 
     </span>
     <span class='ocr_line' id='line_1_19' title="bbox 545 3883 2635 4003; baseline -0.002 -27"><span class='ocrx_word' id='word_1_133' title='bbox 545 3907 764 4001; x_wconf 88' lang='lat' dir='ltr'>capite</span> <span class='ocrx_word' id='word_1_134' title='bbox 796 3904 904 3975; x_wconf 86' lang='lat' dir='ltr'>vel</span> <span class='ocrx_word' id='word_1_135' title='bbox 943 3907 1205 4003; x_wconf 84' lang='lat' dir='ltr'>graphii</span> <span class='ocrx_word' id='word_1_136' title='bbox 1248 3907 1605 3987; x_wconf 73' lang='lat' dir='ltr'>sentiatur,</span> <span class='ocrx_word' id='word_1_137' title='bbox 1645 3919 2041 4001; x_wconf 87' lang='lat' dir='ltr'>penetrante</span> <span class='ocrx_word' id='word_1_138' title='bbox 2072 3905 2269 3974; x_wconf 85' lang='lat' dir='ltr'>rectis</span> <span class='ocrx_word' id='word_1_139' title='bbox 2307 3883 2635 3973; x_wconf 74' lang='lat' dir='ltr'>meatibus</span> 
     </span>
    </p>
   </div>
   <div class='ocr_carea' id='block_1_8' title="bbox 550 4045 2633 4146">
    <p class='ocr_par' dir='ltr' id='par_1_8' title="bbox 550 4045 2633 4146">
     <span class='ocr_line' id='line_1_20' title="bbox 550 4045 2633 4146; baseline -0.003 -27"><span class='ocrx_word' id='word_1_140' title='bbox 550 4075 735 4120; x_wconf 74' lang='lat' dir='ltr'>sono.</span> <span class='ocrx_word' id='word_1_141' title='bbox 754 4050 963 4130; x_wconf 78' lang='lat' dir='ltr'>Unde</span> <span class='ocrx_word' id='word_1_142' title='bbox 996 4050 1536 4146; x_wconf 67' lang='lat' dir='ltr'>deprehenditur,</span> <span class='ocrx_word' id='word_1_143' title='bbox 1577 4074 1665 4118; x_wconf 82' lang='lat' dir='ltr'>an</span> <span class='ocrx_word' id='word_1_144' title='bbox 1702 4063 1876 4117; x_wconf 81' lang='lat' dir='ltr'>torta</span> <span class='ocrx_word' id='word_1_145' title='bbox 1915 4049 1999 4117; x_wconf 85' lang='lat' dir='ltr'>sit</span> <span class='ocrx_word' id='word_1_146' title='bbox 2033 4047 2372 4132; x_wconf 41' lang='lat' dir='ltr'>materie&amp;</span> <span class='ocrx_word' id='word_1_147' title='bbox 2408 4045 2633 4114; x_wconf 84' lang='lat' dir='ltr'>nodis-</span> 
     </span>
    </p>
   </div>
  </div>
 </body>
</html>
