2941 4807
521 448 598 506 92
983 430 1045 487 c,
1088 431 1329 487 PLINII
1369 431 1560 488 msr.
1604 432 1775 499 ΝΔΤ.
1817 434 2144 491 mevl.

626 554 739 626 28.
785 558 1042 629 Contra
1066 583 1296 629 morus
1326 560 1696 633 tardissime
1728 564 2039 651 senescit,
2080 564 2298 633 fructu
2326 565 2603 634 minime

526 700 1083 771 laboranS.Tarde
1100 715 1167 770 et
1187 727 1476 796 quorum
1491 704 1707 799 crispa
1725 708 2060 777 materies:
2079 721 2155 775 ut
2172 731 2344 795 acer,
2359 706 2601 801 palma,

525 845 833 942 populus.
869 851 955 916 Et
988 848 1297 917 subarata
1327 851 1514 918 ocius
1552 866 1925 920 senescunt.

625 1179 737 1251 ²9·
779 1154 1119 1227 silvestria
1146 1170 1368 1225 autem
1399 1154 1795 1225 tardissime.
1818 1161 2036 1251 Atque
2071 1156 2141 1226 in
2172 1173 2424 1245 totum,
2460 1182 2604 1226 om·-

525 1301 628 1369 nis
663 1322 826 1369 cura
856 1298 1262 1369 fertilitatem
1301 1297 1561 1394 adjicit,
1595 1298 1901 1370 fertilitas
1934 1316 2264 1371 senectam
2294 1328 2311 1369 ε
2352 1301 2505 1370 ideo
2538 1315 2604 1369 et

528 1443 906 1538 praeflorent
937 1441 1128 1532 talia,
1162 1458 1228 1512 et
1260 1444 1779 1539 praegerminant
1797 1496 1817 1531 ‚
1859 1457 2058 1539 atque
2084 1447 2153 1513 in
2189 1459 2403 1515 totum
2433 1470 2605 1538 prae-

530 1588 711 1656 cocia
748 1587 919 1655 fiunt
955 1613 971 1656 ε
1011 1589 1330 1681 quoniam
1382 1588 1596 1656 omnis
1647 1586 1995 1657 infirmitas
2035 1587 2195 1658 caelo
2226 1590 2434 1683 magis
2482 1588 2606 1658 ob-

531 1730 728 1799 noxia
768 1745 891 1799 est.

720 1977 791 2032 In
823 1976 1028 2051 quibus
1062 1976 1225 2052 plura
1261 1995 1451 2034 rerum
1482 1994 1691 2052 genera
1721 1977 2042 2052 gignantur.
2078 1977 2409 2052 Crataegum.

628 2175 776 2242 LII.
814 2173 1051 2246 Multae
1090 2200 1248 2244 vero
1277 2164 1481 2270 plura‘
1507 2175 1792 2270 gignunt
1816 2227 1836 2263 ‚
1875 2190 1951 2244 ut
1983 2176 2267 2244 diximus
2297 2177 2368 2244 iu
2407 2173 2603 2270 glan-

532 2314 797 2386 diferis:
847 2319 1021 2387 inter
1067 2343 1230 2414 quas
1264 2316 1494 2387 laurus
1539 2342 1702 2386 uvas
1755 2342 1904 2387 suas
1939 2344 1955 2387 ε
2006 2321 2423 2414 maximeque
2473 2334 2605 2388 ste-

531 2460 712 2551 rilis,
752 2488 900 2557 quae
952 2488 1088 2532 non
1135 2463 1346 2557 gignit
1393 2447 1622 2531 aliud:
1664 2462 1766 2531 ob
1819 2462 1887 2530 id
1938 2487 1979 2531 a
2028 2464 2428 2557 quibusdam
2464 2489 2607 2533 mas

533 2606 963 2676 existimatur.
1000 2608 1254 2674 Ferunt
1293 2619 1360 2674 et
1400 2603 1710 2674 avellanae
1753 2602 1934 2699 julos
1971 2605 2352 2701 compactili
2387 2604 2562 2675 callo
2585 2658 2604 2692 ,

532 2747 616 2815 ad
655 2748 822 2817 nihil
856 2747 1071 2818 utiles.

632 3017 742 3089 30.
769 3015 1065 3091 Plurima
1087 3041 1244 3086 vero
1280 3016 1520 3086 buxus.
1554 3019 1730 3088 Nam
1760 3031 1826 3085 et
1848 3042 2070 3086 semen
2102 3043 2326 3107 suum,
2359 3034 2427 3088 et
2446 3044 2599 3114 gra-

531 3188 729 3252 num,
761 3161 943 3257 quod
973 3143 1331 3257 crataeguin
1361 3175 1643 3230 vocant:
1674 3174 1740 3227 et
1767 3185 1804 3231 a
1829 3162 2277 3255 septentrione
2309 3165 2602 3251 viscum,

533 3334 571 3377 a
605 3307 879 3378 meridie
917 3305 1214 3402 hyphear
1245 3331 1262 3373 ε
1296 3304 1379 3374 de
1414 3306 1660 3398 quibus
1696 3304 1893 3399 plura
1930 3329 2084 3374 mox
2130 3304 2351 3399 paulo,
2389 3310 2604 3376 Inter-

531 3451 823 3545 dumque
852 3452 1103 3546 pariter
1136 3474 1243 3520 res
1273 3463 1628 3543 quaternas
1669 3448 1936 3517 habeut.

867 3693 1216 3753 Differentiae
1244 3692 1515 3754 arborum
1543 3709 1648 3767 per
1686 3710 1930 3766 corpora
1963 3703 2022 3749 et
2054 3711 2258 3753 ramos.

631 3874 805 3942 LIII.
831 3871 1116 3944 Arbores
1141 3867 1442 3964 quaedam
1474 3864 1834 3962 simplices,
1866 3867 2106 3960 quibus
2127 3893 2168 3937 a
2192 3867 2412 3939 radice
2445 3895 2602 3939 cau-

537 4017 663 4085 dex
695 4042 866 4087 unus
889 4043 905 4085 ε
932 4031 997 4086 et
1029 4017 1196 4085 rami
1226 4014 1632 4107 frequenteS,
1671 4027 1746 4081 ut
1780 4009 2001 4101 olivae,
2028 4012 2194 4101 fic0,
2238 4014 2377 4083 viti.
2406 4017 2606 4103 Quae-
