2941 4807
555 398 670 476 394
1032 398 1095 455 C.
1136 399 1377 457 PLINII
1416 399 1609 457 HIST.
1652 401 1817 457 ΝΑΤ.
1861 401 2001 458 LIB.
2028 401 2214 462 xvn.

563 538 807 595 vocant
834 525 905 593 in
926 527 1314 621 Campania.
1340 524 1696 596 Intervalla
1719 552 1800 596 ex
1829 526 1958 598 loci
1992 542 2231 599 natura
2260 544 2655 599 sumuntur.

564 669 883 740 Rariores
924 669 1233 740 serendas
1265 671 1335 739 in
1369 671 1850 766 campestribus
1883 672 2217 741 convenit.
2252 670 2557 767 Populos
2593 688 2663 742 et

574 812 875 884 fraxinos
896 864 916 900 ‚
955 814 1111 906 quia
1150 812 1574 885 festinantius
1611 815 2031 911 germinant,
2072 815 2337 910 disponi
2382 841 2665 910 quoque

571 958 898 1027 maturius
927 958 1267 1045 convenit,
1301 959 1430 1027 hoc
1457 973 1595 1047 est,
1621 959 1707 1028 ab
1736 958 1953 1029 idibus
1988 960 2339 1030 februariis
2360 1013 2381 1050 ‚
2406 957 2665 1057 plantis

571 1116 638 1172 et
677 1094 853 1196 ipsas
887 1115 1252 1170 nascentes.
1296 1104 1381 1171 In
1420 1102 1851 1197 disponendis
1889 1104 2241 1176 arboribus
2262 1155 2282 1193 ,
2332 1104 2665 1174 arbustis-

569 1270 701 1339 que
735 1270 813 1314 ac
847 1245 1058 1340 vineis
1076 1296 1099 1333 ‚
1148 1244 1631 1339 quincuncialis
1685 1245 1999 1316 ordinum
2047 1248 2219 1317 ratio
2262 1245 2539 1342 vulgata
2591 1264 2663 1318 et

570 1389 939 1460 necessaria
964 1439 985 1475 ,
1025 1413 1164 1458 non
1197 1388 1483 1483 perflatu
1514 1388 1718 1458 modo
1761 1388 1973 1477 utilis,
2012 1415 2242 1460 verum
2276 1405 2342 1460 et
2380 1406 2664 1486 aspectu

576 1546 799 1628 grata,
827 1557 1101 1627 quoquo
1133 1530 1336 1601 modo
1365 1533 1697 1621 intueare,
1721 1535 1800 1628 “in
1831 1533 2133 1605 ordinem
2164 1559 2233 1604 se
2267 1536 2665 1631 porrigente

573 1701 792 1746 versu.
825 1657 1101 1771 Populis
1130 1673 1361 1745 cadem
1403 1678 1575 1746 ratio
1614 1679 1901 1769 semine,
1933 1703 2068 1774 qua
2099 1677 2316 1750 ulmos
2350 1680 2661 1749 serendi:

572 1818 1012 1890 transferendi
1047 1844 1314 1914 quoque
1343 1844 1381 1888 c
1413 1821 1784 1890 seminariis
1820 1821 2052 1891 eadem
2091 1838 2159 1892 et
2194 1821 2401 1893 silvis.

1397 2488 1481 2549 De
1510 2490 1822 2548 scrobibus.

664 2714 846 2784 XVI.
880 2716 1051 2784 Ante
1084 2716 1314 2785 omnia
1339 2715 1548 2810 igitur
1583 2718 1655 2784 in
1686 2712 1968 2784 similem
2003 2709 2349 2781 transferri
2384 2724 2661 2793 terram,

571 2870 688 2925 aut
725 2855 1067 2927 meliorem
1106 2873 1392 2954 oportet.
1435 2861 1580 2932 Nec
1620 2885 1658 2930 e
1696 2857 1935 2954 tepidis
1974 2870 2091 2927 aut
2129 2855 2545 2949 praecocibus
2586 2854 2654 2921 in

572 2998 847 3094 frigidos
894 3016 1010 3069 aut
1062 3005 1385 3074 serotinos
1444 3006 1613 3074 situs
1641 3055 1660 3090 ,
1711 3019 1787 3072 ut
1825 3026 2042 3094 neque
2090 3009 2184 3068 ex'
2223 2998 2327 3115 bis
2369 2998 2442 3066 in
2488 2994 2659 3065 illos,

577 3141 954 3213 Praefodere
1010 3146 1275 3214 scrobes
1328 3159 1487 3215 ante
1526 3145 1631 3240 (si
1685 3143 1828 3213 fieri
1869 3141 2141 3237 posset)
2189 3153 2380 3210 tanto
2427 3141 2621 3233 prius
2643 3188 2663 3224 ‚

577 3284 791 3357 donec
818 3289 1053 3384 pingui
1080 3289 1329 3384 cespite
1370 3288 1812 3359 obducantur.
1848 3290 2052 3382 Mago
2084 3300 2241 3355 ante
2268 3309 2528 3357 annum
2554 3286 2663 3377 ju·

574 3431 687 3500 bet
708 3481 729 3518 ‚
767 3446 845 3500 ut
877 3432 1083 3502 solem
1117 3431 1510 3528 pluviasque
1546 3431 1932 3502 combibant
1948 3481 1968 3519 ,
2011 3442 2127 3498 aut
2160 3430 2214 3497 si
2254 3428 2324 3496 id
2363 3426 2666 3497 conditio

581 3574 821 3671 largita
862 3602 997 3646 non
1041 3578 1127 3648 sit
1152 3630 1172 3663 ,
1211 3579 1398 3671 ignes
1431 3578 1502 3645 in
1540 3575 1760 3645 medio
1797 3575 1940 3645 fieri
1972 3588 2128 3644 ante
2167 3596 2427 3642 menses
2459 3572 2668 3660 duoS,

573 3746 696 3791 nec
740 3722 865 3790 nisi
907 3736 1060 3817 post
1104 3722 1347 3792 imbres
1380 3723 1449 3790 in
1503 3722 1606 3790 his
1654 3722 1805 3789 seri.
1842 3719 2280 3790 Altitudinem
2321 3742 2560 3788 eorum
2601 3719 2667 3785 in

577 3852 918 3963 argilloso,
965 3881 1079 3937 aut
1106 3866 1278 3937 duro
1304 3864 1478 3954 solo,
1505 3867 1710 3935 trium
1736 3865 2118 3934 cubitorum
2153 3888 2290 3932 esse
2324 3863 2394 3932 in
2431 3886 2668 3955 quam-

562 4039 692 4107 que
735 4028 1034 4109 partem:
1080 4016 1148 4082 in
1179 4014 1407 4107 pronis
1442 4010 1666 4106 palmo
1704 4008 2031 4104 amplius3
2068 4023 2135 4079 ct
2168 4009 2412 4101 ubique
2442 4009 2642 4075 cami-
