2941 4807
525 468 636 505 120
993 454 1055 509 C.
1096 455 1332 510 PLINII
1370 455 1568 510 HIST.
1610 456 1797 511 NAT:
1821 457 1961 512 LIB.
1987 458 2147 513 XVI.

521 573 693 644 callo
745 577 1047 647 induruit
1073 629 1094 666 ,
1134 580 1304 650 sicut
1352 581 1421 648 in
1476 578 1731 676 Belgis,
1775 596 2100 672 contusa,
2150 597 2218 651 et
2265 584 2614 678 interjecta

523 719 795 787 navium
834 722 1329 802 commissuris,
1376 723 1778 793 ferruminat
1836 740 2087 815 textus,
2125 723 2384 822 glutino
2425 741 2614 796 tena-
2870 756 2871 835 χ

524 863 689 947 cior,
719 864 1037 964 rimisque
1072 864 1414 959 explendis
1448 864 1711 936 fidelior
1748 869 1913 965 pice.
2277 854 2282 861 ⁶

984 1700 1072 1754 De
1111 1699 1411 1774 sagittariis
1431 1739 1448 1770 ,
1484 1710 1540 1756 et
1569 1697 1881 1774 scriptoriis
1915 1696 2158 1753 calamis.

622 1927 834 1995 LXV.
881 1923 1172 1997 Calamis
1218 1928 1518 1997 Orientis
1560 1924 1796 2022 populi
1830 1924 2005 1995 bella
2043 1923 2406 1994 conficiunt
2441 1947 2457 1990 t
2510 1946 2622 1992 ca·

528 2065 720 2135 lamis
761 2065 1014 2160 spicula
1054 2066 1313 2136 addunt
1348 2067 1766 2137 irrevocabili
1806 2067 2011 2137 hamo
2056 2070 2275 2137 noxia.
2324 2069 2623 2136 Mortem

527 2208 911 2279 adcelerant
936 2211 1143 2306 pinna
1175 2212 1400 2281 addita
1437 2211 1732 2282 calamis.
1758 2212 1997 2306 Fitque
2024 2227 2092 2282 et
2121 2237 2202 2281 ex
2239 2212 2386 2305 ipso
2408 2207 2620 2280 telum

528 2349 709 2423 aliud
746 2353 961 2425 fracto
1002 2357 1072 2425 in
1116 2340 1525 2430 vulneribus,¹
1566 2359 1686 2426 His
1731 2358 1934 2427 armis
1988 2354 2198 2428 solem
2234 2356 2461 2450 ipsum
2496 2355 2624 2425 ob-

528 2502 868 2572 umbrant.
890 2506 1176 2596 Propter
1201 2504 1330 2572 hoc
1347 2503 1637 2571 maxime
1660 2527 1927 2572 serenos
1951 2503 2091 2573 dies
2110 2516 2384 2596 optant:
2414 2501 2625 2570 odere

528 2660 764 2715 ventos
797 2659 865 2714 et
894 2646 1169 2730 imbreS‚
1213 2645 1328 2738 qui
1376 2647 1553 2714 inter
1584 2644 1734 2715 illos
1770 2669 2005 2740 pacem
2043 2669 2185 2715 esse
2216 2659 2487 2739 cogunt.
2524 2648 2626 2714 Ac

530 2790 586 2857 si
617 2791 778 2883 quis*
800 2788 1146 2882 AEthiopas
1177 2841 1197 2874 ‚
1238 2790 1597 2885 AEgyptum
1621 2842 1640 2874 ‚
1679 2789 1938 2859 Arabas
1966 2841 1985 2873 ‚
2025 2788 2228 2858 Indos
2257 2841 2277 2875 ‚
2310 2788 2625 2882 ScythaS,

531 2937 845 3021 Baeti-08,
890 2936 1348 3034 Sarmatarum
1390 2948 1491 3002 tot
1528 2947 1754 3028 gentes
1790 2947 1854 3002 et
1891 2932 2224 3018 Orientis,
2264 2932 2626 3025 omniaque

530 3076 936 3146 Parthorum
962 3101 1174 3171 regna
1202 3074 1587 3171 diligentius
1609 3089 1983 3171 computet,
2016 3099 2204 3170 aequa
2233 3075 2440 3144 ferme
2467 3099 2626 3168 pars

532 3223 885 3326 hominum
924 3224 999 3291 in·
1033 3235 1175 3290 toto
1212 3220 1467 3290 mundo
1507 3220 1777 3290 calamis
1819 3236 2128 3315 superata
2180 3221 2379 3315 degit.
2445 3223 2627 3289 Prae-

530 3367 771 3461 cipuus
822 3366 932 3436 hic
972 3390 1133 3436 usus
1168 3366 1239 3433 in
1293 3367 1498 3434 Creta
1546 3362 1900 3435 bellatores
1953 3388 2108 3433 suos
2153 3365 2620 3458 praecipitavit.

532 3509 664 3579 Sed
715 3509 784 3577 in
837 3509 969 3577 hoc
1019 3532 1288 3602 quoque
1309 3560 1328 3592 ‚
1372 3523 1449 3575 ut
1485 3508 1721 3576 ceteris
1762 3509 1832 3575 in
1880 3507 2079 3576 rebus
2105 3559 2126 3596 ,
2176 3507 2340 3577 vici-t
2374 3506 2620 3578 Italia:

532 3653 804 3748 quando
842 3650 1080 3722 nullus.
1114 3653 1371 3747 sagittis
1408 3653 1629 3752 aptior
1667 3650 1991 3739 calamuS‚
2027 3676 2229 3745 quam
2269 3653 2339 3719 in
2378 3652 2620 3721 Rheno

532 3798 942 3867 Bononiensi
985 3777 1180 3866 amne
1206 3850 1226 3887 ,
1266 3797 1375 3868 cui
1428 3813 1497 3866 et
1533 3795 1829 3898 plurima
1863 3799 2035 3868 inest
2072 3796 2404 3888 medulla,
2448 3824 2623 3893 pon-

537 3943 793 4038 dusque
823 3907 1095 4013 volucre
1125 3969 1140 4010 ε
1171 3956 1236 4010 et
1274 3956 1511 4034 contra
1551 3943 1746 4013 flatus
1783 3969 2049 4038 quoque
2088 3945 2397 4037 pervicax
2427 3943 2619 4013 libra.

539 4089 808 4185 Quippe
837 4115 974 4158 non
1003 4089 1236 4158 eadem
1274 4089 1490 4184 gratia
1527 4087 1825 4184 Belgicis.
1864 4093 2022 4166 Haec
2047 4104 2114 4157 et
2142 4090 2420 4160 Creticis
2446 4115 2624 4159 com·
