<?xml version="1.0" encoding="UTF-8"?>
<!DOCTYPE html PUBLIC "-//W3C//DTD XHTML 1.0 Transitional//EN"
    "http://www.w3.org/TR/xhtml1/DTD/xhtml1-transitional.dtd">
<html xmlns="http://www.w3.org/1999/xhtml" xml:lang="en" lang="en">
 <head>
  <title>
</title>
<meta http-equiv="Content-Type" content="text/html;charset=utf-8" />
  <meta name='ocr-system' content='tesseract 3.04.00' />
  <meta name='ocr-capabilities' content='ocr_page ocr_carea ocr_par ocr_line ocrx_word'/>
</head>
<body>
  <div class='ocr_page' id='page_1' title='image "./histoirenaturel00grangoog_0188.png"; bbox 0 0 2941 4807; ppageno 0'>
   <div class='ocr_carea' id='block_1_1' title="bbox 533 402 2149 474">
    <p class='ocr_par' dir='ltr' id='par_1_1' title="bbox 533 402 2149 474">
     <span class='ocr_line' id='line_1_1' title="bbox 533 402 2149 474; baseline 0.001 -17"><span class='ocrx_word' id='word_1_1' title='bbox 533 402 644 474; x_wconf 86' lang='lat'><strong>178</strong></span> <span class='ocrx_word' id='word_1_2' title='bbox 993 404 1057 461; x_wconf 89' lang='lat' dir='ltr'><strong>C.</strong></span> <span class='ocrx_word' id='word_1_3' title='bbox 1097 405 1330 462; x_wconf 88' lang='lat' dir='ltr'><strong>PLINII</strong></span> <span class='ocrx_word' id='word_1_4' title='bbox 1371 403 1566 461; x_wconf 84' lang='lat' dir='ltr'><strong>HIST.</strong></span> <span class='ocrx_word' id='word_1_5' title='bbox 1613 403 1782 461; x_wconf 78' lang='lat' dir='ltr'><strong>NAT.</strong></span> <span class='ocrx_word' id='word_1_6' title='bbox 1825 404 1964 459; x_wconf 90' lang='lat' dir='ltr'><strong>LIB.</strong></span> <span class='ocrx_word' id='word_1_7' title='bbox 1996 403 2149 470; x_wconf 75' lang='lat' dir='ltr'>XVI,</span> 
     </span>
    </p>
   </div>
   <div class='ocr_carea' id='block_1_2' title="bbox 526 529 2650 1639">
    <p class='ocr_par' dir='ltr' id='par_1_2' title="bbox 526 529 2650 1639">
     <span class='ocr_line' id='line_1_2' title="bbox 530 529 2630 624; baseline -0 -27"><span class='ocrx_word' id='word_1_8' title='bbox 530 531 852 621; x_wconf 88' lang='lat' dir='ltr'><strong>quoniam</strong></span> <span class='ocrx_word' id='word_1_9' title='bbox 900 532 953 599; x_wconf 88' lang='lat' dir='ltr'><strong>si</strong></span> <span class='ocrx_word' id='word_1_10' title='bbox 991 529 1198 623; x_wconf 31' lang='lat' dir='ltr'><strong>quid.)</strong></span> <span class='ocrx_word' id='word_1_11' title='bbox 1221 554 1302 600; x_wconf 86' lang='lat' dir='ltr'><strong>ex</strong></span> <span class='ocrx_word' id='word_1_12' title='bbox 1335 555 1414 600; x_wconf 89' lang='lat' dir='ltr'><strong>ea</strong></span> <span class='ocrx_word' id='word_1_13' title='bbox 1479 529 1874 624; x_wconf 85' lang='lat' dir='ltr'><strong>decerptum</strong></span> <span class='ocrx_word' id='word_1_14' title='bbox 1931 529 2257 597; x_wconf 85' lang='lat' dir='ltr'><strong>inferatur</strong></span> <span class='ocrx_word' id='word_1_15' title='bbox 2308 529 2630 615; x_wconf 80' lang='lat' dir='ltr'><strong>navibus,</strong></span> 
     </span>
     <span class='ocr_line' id='line_1_3' title="bbox 526 672 2632 769; baseline -0.001 -26"><span class='ocrx_word' id='word_1_16' title='bbox 526 674 757 769; x_wconf 83' lang='lat' dir='ltr'><strong>jurgia</strong></span> <span class='ocrx_word' id='word_1_17' title='bbox 819 674 986 743; x_wconf 90' lang='lat' dir='ltr'><strong>fiant</strong></span> <span class='ocrx_word' id='word_1_18' title='bbox 1012 725 1031 762; x_wconf 92' lang='lat'><strong>,</strong></span> <span class='ocrx_word' id='word_1_19' title='bbox 1095 673 1312 742; x_wconf 92' lang='lat' dir='ltr'><strong>donec</strong></span> <span class='ocrx_word' id='word_1_20' title='bbox 1353 675 1727 768; x_wconf 88' lang='lat' dir='ltr'><strong>abjiciatur.</strong></span> <span class='ocrx_word' id='word_1_21' title='bbox 1784 676 2151 768; x_wconf 85' lang='lat' dir='ltr'><strong>Regionem</strong></span> <span class='ocrx_word' id='word_1_22' title='bbox 2204 672 2632 742; x_wconf 84' lang='lat' dir='ltr'>Aulocrenen</span> 
     </span>
     <span class='ocr_line' id='line_1_4' title="bbox 532 818 2636 932; baseline -0.001 -44"><span class='ocrx_word' id='word_1_23' title='bbox 532 819 862 906; x_wconf 80' lang='lat' dir='ltr'><strong>diximuS,</strong></span> <span class='ocrx_word' id='word_1_24' title='bbox 908 845 1028 932; x_wconf 80' lang='lat' dir='ltr'><strong>per</strong></span> <span class='ocrx_word' id='word_1_25' title='bbox 1071 844 1281 912; x_wconf 90' lang='lat' dir='ltr'><strong>quam·</strong></span> <span class='ocrx_word' id='word_1_26' title='bbox 1318 820 1403 887; x_wconf 92' lang='lat' dir='ltr'><strong>ab</strong></span> <span class='ocrx_word' id='word_1_27' title='bbox 1447 821 1736 914; x_wconf 84' lang='lat' dir='ltr'><strong>Apamia</strong></span> <span class='ocrx_word' id='word_1_28' title='bbox 1774 820 1843 886; x_wconf 93' lang='lat' dir='ltr'><strong>in</strong></span> <span class='ocrx_word' id='word_1_29' title='bbox 1891 818 2251 913; x_wconf 74' lang='lat' dir='ltr'><strong>Phrygiam</strong></span> <span class='ocrx_word' id='word_1_30' title='bbox 2308 819 2487 887; x_wconf 88' lang='lat' dir='ltr'><strong>itur:</strong></span> <span class='ocrx_word' id='word_1_31' title='bbox 2543 819 2636 886; x_wconf 89' lang='lat' dir='ltr'><strong>ibi</strong></span> 
     </span>
     <span class='ocr_line' id='line_1_5' title="bbox 533 962 2642 1059; baseline -0.002 -25"><span class='ocrx_word' id='word_1_32' title='bbox 533 964 850 1059; x_wconf 87' lang='lat' dir='ltr'><strong>platanus</strong></span> <span class='ocrx_word' id='word_1_33' title='bbox 884 965 1305 1049; x_wconf 83' lang='lat' dir='ltr'><strong>ostenditur,</strong></span> <span class='ocrx_word' id='word_1_34' title='bbox 1359 989 1442 1032; x_wconf 82' lang='lat' dir='ltr'><strong>ex</strong></span> <span class='ocrx_word' id='word_1_35' title='bbox 1477 989 1610 1058; x_wconf 88' lang='lat' dir='ltr'><strong>qua</strong></span> <span class='ocrx_word' id='word_1_36' title='bbox 1650 962 2047 1058; x_wconf 86' lang='lat' dir='ltr'><strong>pependerit</strong></span> <span class='ocrx_word' id='word_1_37' title='bbox 2080 966 2382 1058; x_wconf 84' lang='lat' dir='ltr'><strong>Marsyas</strong></span> <span class='ocrx_word' id='word_1_38' title='bbox 2420 965 2642 1032; x_wconf 89' lang='lat' dir='ltr'><strong>victus</strong></span> 
     </span>
     <span class='ocr_line' id='line_1_6' title="bbox 533 1105 2641 1204; baseline -0.001 -27"><span class='ocrx_word' id='word_1_39' title='bbox 533 1110 621 1177; x_wconf 90' lang='lat' dir='ltr'><strong>ab</strong></span> <span class='ocrx_word' id='word_1_40' title='bbox 659 1105 1013 1204; x_wconf 85' lang='lat' dir='ltr'><strong>Apolline,</strong></span> <span class='ocrx_word' id='word_1_41' title='bbox 1050 1133 1199 1202; x_wconf 88' lang='lat' dir='ltr'><strong>quae</strong></span> <span class='ocrx_word' id='word_1_42' title='bbox 1232 1108 1371 1201; x_wconf 84' lang='lat' dir='ltr'><strong>jam</strong></span> <span class='ocrx_word' id='word_1_43' title='bbox 1403 1121 1547 1175; x_wconf 90' lang='lat' dir='ltr'><strong>tum</strong></span> <span class='ocrx_word' id='word_1_44' title='bbox 1584 1106 2050 1201; x_wconf 83' lang='lat' dir='ltr'><strong>magnitudine</strong></span> <span class='ocrx_word' id='word_1_45' title='bbox 2090 1105 2298 1176; x_wconf 90' lang='lat' dir='ltr'><strong>electa</strong></span> <span class='ocrx_word' id='word_1_46' title='bbox 2335 1120 2453 1176; x_wconf 88' lang='lat' dir='ltr'><strong>est.</strong></span> <span class='ocrx_word' id='word_1_47' title='bbox 2496 1108 2641 1177; x_wconf 92' lang='lat' dir='ltr'><strong>Nec</strong></span> 
     </span>
     <span class='ocr_line' id='line_1_7' title="bbox 535 1249 2647 1347; baseline -0 -26"><span class='ocrx_word' id='word_1_48' title='bbox 535 1278 676 1322; x_wconf 92' lang='lat' dir='ltr'><strong>non</strong></span> <span class='ocrx_word' id='word_1_49' title='bbox 710 1251 949 1347; x_wconf 74' lang='lat' dir='ltr'><strong>palma·</strong></span> <span class='ocrx_word' id='word_1_50' title='bbox 964 1249 1120 1323; x_wconf 90' lang='lat' dir='ltr'><strong>Deli</strong></span> <span class='ocrx_word' id='word_1_51' title='bbox 1146 1250 1234 1321; x_wconf 84' lang='lat' dir='ltr'><strong>ab</strong></span> <span class='ocrx_word' id='word_1_52' title='bbox 1259 1250 1559 1344; x_wconf 88' lang='lat' dir='ltr'><strong>ejusdem</strong></span> <span class='ocrx_word' id='word_1_53' title='bbox 1593 1250 1701 1320; x_wconf 90' lang='lat' dir='ltr'><strong>dei</strong></span> <span class='ocrx_word' id='word_1_54' title='bbox 1729 1265 1921 1321; x_wconf 79' lang='lat' dir='ltr'><strong>aetate</strong></span> <span class='ocrx_word' id='word_1_55' title='bbox 1945 1252 2375 1346; x_wconf 82' lang='lat' dir='ltr'><strong>conspicitur.</strong></span> <span class='ocrx_word' id='word_1_56' title='bbox 2407 1251 2647 1345; x_wconf 88' lang='lat' dir='ltr'><strong>Olym-</strong></span> 
     </span>
     <span class='ocr_line' id='line_1_8' title="bbox 538 1395 2647 1493; baseline -0 -26"><span class='ocrx_word' id='word_1_57' title='bbox 538 1400 666 1493; x_wconf 84' lang='lat' dir='ltr'><strong>piae</strong></span> <span class='ocrx_word' id='word_1_58' title='bbox 707 1397 1016 1488; x_wconf 84' lang='lat' dir='ltr'><strong>oleaster,</strong></span> <span class='ocrx_word' id='word_1_59' title='bbox 1057 1423 1139 1467; x_wconf 86' lang='lat' dir='ltr'><strong>ex</strong></span> <span class='ocrx_word' id='word_1_60' title='bbox 1171 1423 1307 1492; x_wconf 93' lang='lat' dir='ltr'><strong>quo</strong></span> <span class='ocrx_word' id='word_1_61' title='bbox 1346 1399 1607 1491; x_wconf 91' lang='lat' dir='ltr'><strong>primus</strong></span> <span class='ocrx_word' id='word_1_62' title='bbox 1642 1395 1963 1467; x_wconf 91' lang='lat' dir='ltr'><strong>Hercules</strong></span> <span class='ocrx_word' id='word_1_63' title='bbox 2002 1413 2362 1467; x_wconf 88' lang='lat' dir='ltr'><strong>coronatus</strong></span> <span class='ocrx_word' id='word_1_64' title='bbox 2398 1413 2540 1487; x_wconf 89' lang='lat' dir='ltr'><strong>est,</strong></span> <span class='ocrx_word' id='word_1_65' title='bbox 2578 1413 2647 1467; x_wconf 90' lang='lat' dir='ltr'><strong>et</strong></span> 
     </span>
     <span class='ocr_line' id='line_1_9' title="bbox 546 1542 2650 1639; baseline -0.001 -26"><span class='ocrx_word' id='word_1_66' title='bbox 546 1570 730 1614; x_wconf 92' lang='lat' dir='ltr'><strong>nunc</strong></span> <span class='ocrx_word' id='word_1_67' title='bbox 772 1544 1152 1613; x_wconf 85' lang='lat' dir='ltr'><strong>custoditur</strong></span> <span class='ocrx_word' id='word_1_68' title='bbox 1182 1542 1514 1639; x_wconf 84' lang='lat' dir='ltr'><strong>religiose.</strong></span> <span class='ocrx_word' id='word_1_69' title='bbox 1563 1543 1845 1612; x_wconf 88' lang='lat' dir='ltr'><strong>Athenis</strong></span> <span class='ocrx_word' id='word_1_70' title='bbox 1884 1569 2151 1638; x_wconf 91' lang='lat' dir='ltr'><strong>quoque</strong></span> <span class='ocrx_word' id='word_1_71' title='bbox 2204 1542 2353 1612; x_wconf 91' lang='lat' dir='ltr'><strong>olea</strong></span> <span class='ocrx_word' id='word_1_72' title='bbox 2398 1542 2650 1613; x_wconf 84' lang='lat' dir='ltr'><strong>durare</strong></span> 
     </span>
    </p>
   </div>
   <div class='ocr_carea' id='block_1_3' title="bbox 540 1687 1984 1760">
    <p class='ocr_par' dir='ltr' id='par_1_3' title="bbox 540 1687 1984 1760">
     <span class='ocr_line' id='line_1_10' title="bbox 540 1687 1984 1760; baseline -0.002 0"><span class='ocrx_word' id='word_1_73' title='bbox 540 1690 830 1760; x_wconf 82' lang='lat' dir='ltr'><strong>traditur</strong></span> <span class='ocrx_word' id='word_1_74' title='bbox 862 1691 933 1758; x_wconf 92' lang='lat' dir='ltr'><strong>in</strong></span> <span class='ocrx_word' id='word_1_75' title='bbox 969 1690 1337 1758; x_wconf 87' lang='lat' dir='ltr'><strong>certamine</strong></span> <span class='ocrx_word' id='word_1_76' title='bbox 1373 1687 1553 1757; x_wconf 90' lang='lat' dir='ltr'><strong>edita</strong></span> <span class='ocrx_word' id='word_1_77' title='bbox 1586 1713 1623 1756; x_wconf 91' lang='lat' dir='ltr'><strong>a</strong></span> <span class='ocrx_word' id='word_1_78' title='bbox 1655 1689 1984 1758; x_wconf 84' lang='lat' dir='ltr'><strong>Minerva.</strong></span> 
     </span>
    </p>
   </div>
   <div class='ocr_carea' id='block_1_4' title="bbox 2573 2119 2604 2136">
    <p class='ocr_par' dir='ltr' id='par_1_4' title="bbox 2573 2119 2604 2136">
     <span class='ocr_line' id='line_1_11' title="bbox 2573 2119 2604 2136; baseline 0 -2"><span class='ocrx_word' id='word_1_79' title='bbox 2573 2119 2604 2136; x_wconf 53' lang='grc' dir='ltr'><strong>’θ’</strong></span> 
     </span>
    </p>
   </div>
   <div class='ocr_carea' id='block_1_5' title="bbox 864 2121 2329 2200">
    <p class='ocr_par' dir='ltr' id='par_1_5' title="bbox 864 2121 2329 2200">
     <span class='ocr_line' id='line_1_12' title="bbox 864 2121 2329 2200; baseline 0.005 -28"><span class='ocrx_word' id='word_1_80' title='bbox 864 2121 877 2172; x_wconf 69' lang='grc' dir='ltr'><strong>ζ’</strong></span> <span class='ocrx_word' id='word_1_81' title='bbox 986 2126 1125 2192; x_wconf 81' lang='lat' dir='ltr'><strong>Quae</strong></span> <span class='ocrx_word' id='word_1_82' title='bbox 1157 2141 1368 2197; x_wconf 84' lang='lat' dir='ltr'><strong>genera</strong></span> <span class='ocrx_word' id='word_1_83' title='bbox 1407 2124 1678 2179; x_wconf 87' lang='lat' dir='ltr'><strong>arborum</strong></span> <span class='ocrx_word' id='word_1_84' title='bbox 1709 2123 1944 2179; x_wconf 85' lang='lat' dir='ltr'><strong>minime</strong></span> <span class='ocrx_word' id='word_1_85' title='bbox 1981 2124 2203 2179; x_wconf 86' lang='lat' dir='ltr'><strong>durent.</strong></span> <span class='ocrx_word' id='word_1_86' title='bbox 2312 2143 2329 2200; x_wconf 45' lang='lat'><strong>,¹</strong></span> 
     </span>
    </p>
   </div>
   <div class='ocr_carea' id='block_1_6' title="bbox 548 2321 2666 3285">
    <p class='ocr_par' dir='ltr' id='par_1_6' title="bbox 548 2321 2666 3285">
     <span class='ocr_line' id='line_1_13' title="bbox 644 2321 2650 2415; baseline 0.001 -22"><span class='ocrx_word' id='word_1_87' title='bbox 644 2325 791 2393; x_wconf 89' lang='lat' dir='ltr'><strong>XC.</strong></span> <span class='ocrx_word' id='word_1_88' title='bbox 829 2325 886 2392; x_wconf 92' lang='lat' dir='ltr'><strong>E</strong></span> <span class='ocrx_word' id='word_1_89' title='bbox 926 2321 1190 2392; x_wconf 88' lang='lat' dir='ltr'><strong>diverso</strong></span> <span class='ocrx_word' id='word_1_90' title='bbox 1224 2323 1617 2392; x_wconf 88' lang='lat' dir='ltr'><strong>brevissima</strong></span> <span class='ocrx_word' id='word_1_91' title='bbox 1649 2338 1788 2396; x_wconf 71' lang='lat' dir='ltr'><strong>vita</strong></span> <span class='ocrx_word' id='word_1_92' title='bbox 1814 2339 1912 2393; x_wconf 91' lang='lat' dir='ltr'><strong>est</strong></span> <span class='ocrx_word' id='word_1_93' title='bbox 1945 2326 2259 2415; x_wconf 89' lang='lat' dir='ltr'><strong>Punicis,</strong></span> <span class='ocrx_word' id='word_1_94' title='bbox 2299 2324 2431 2396; x_wconf 77' lang='lat' dir='ltr'><strong>fico</strong></span> <span class='ocrx_word' id='word_1_95' title='bbox 2452 2379 2471 2413; x_wconf 90' lang='lat'><strong>,</strong></span> <span class='ocrx_word' id='word_1_96' title='bbox 2509 2352 2650 2395; x_wconf 79' lang='lat' dir='ltr'><strong>ma·-</strong></span> 
     </span>
     <span class='ocr_line' id='line_1_14' title="bbox 548 2464 2652 2561; baseline 0 -23"><span class='ocrx_word' id='word_1_97' title='bbox 548 2465 628 2538; x_wconf 88' lang='lat' dir='ltr'><strong>lis</strong></span> <span class='ocrx_word' id='word_1_98' title='bbox 655 2492 670 2537; x_wconf 74' lang='lat' dir='ltr'><strong>t</strong></span> <span class='ocrx_word' id='word_1_99' title='bbox 713 2492 796 2537; x_wconf 83' lang='lat' dir='ltr'><strong>ex</strong></span> <span class='ocrx_word' id='word_1_100' title='bbox 820 2469 957 2556; x_wconf 88' lang='lat' dir='ltr'><strong>his,</strong></span> <span class='ocrx_word' id='word_1_101' title='bbox 995 2464 1404 2561; x_wconf 77' lang='lat' dir='ltr'><strong>praecocibus</strong></span> <span class='ocrx_word' id='word_1_102' title='bbox 1435 2466 1710 2536; x_wconf 86' lang='lat' dir='ltr'><strong>brevior</strong></span> <span class='ocrx_word' id='word_1_103' title='bbox 1734 2493 1937 2561; x_wconf 88' lang='lat' dir='ltr'><strong>quam</strong></span> <span class='ocrx_word' id='word_1_104' title='bbox 1966 2469 2308 2557; x_wconf 83' lang='lat' dir='ltr'><strong>serotiniS,</strong></span> <span class='ocrx_word' id='word_1_105' title='bbox 2346 2468 2652 2540; x_wconf 87' lang='lat' dir='ltr'><strong>dulcibus</strong></span> 
     </span>
     <span class='ocr_line' id='line_1_15' title="bbox 549 2608 2656 2708; baseline 0 -26"><span class='ocrx_word' id='word_1_106' title='bbox 549 2638 756 2706; x_wconf 90' lang='lat' dir='ltr'><strong>quam</strong></span> <span class='ocrx_word' id='word_1_107' title='bbox 781 2612 995 2679; x_wconf 81' lang='lat' dir='ltr'><strong>acutis</strong></span> <span class='ocrx_word' id='word_1_108' title='bbox 1022 2636 1037 2677; x_wconf 89' lang='lat'>:</span> <span class='ocrx_word' id='word_1_109' title='bbox 1062 2625 1135 2689; x_wconf 76' lang='lat' dir='ltr'><strong>et</strong></span> <span class='ocrx_word' id='word_1_110' title='bbox 1163 2608 1447 2678; x_wconf 88' lang='lat' dir='ltr'><strong>dulciori</strong></span> <span class='ocrx_word' id='word_1_111' title='bbox 1477 2611 1548 2677; x_wconf 92' lang='lat' dir='ltr'><strong>in</strong></span> <span class='ocrx_word' id='word_1_112' title='bbox 1573 2612 1867 2680; x_wconf 81' lang='lat' dir='ltr'><strong>Punicis,</strong></span> <span class='ocrx_word' id='word_1_113' title='bbox 1889 2614 2058 2680; x_wconf 89' lang='lat' dir='ltr'><strong>Item</strong></span> <span class='ocrx_word' id='word_1_114' title='bbox 2081 2613 2152 2680; x_wconf 90' lang='lat' dir='ltr'><strong>in</strong></span> <span class='ocrx_word' id='word_1_115' title='bbox 2179 2613 2460 2700; x_wconf 82' lang='lat' dir='ltr'><strong>vitibuS,</strong></span> <span class='ocrx_word' id='word_1_116' title='bbox 2488 2638 2656 2708; x_wconf 84' lang='lat' dir='ltr'><strong>prae-</strong></span> 
     </span>
     <span class='ocr_line' id='line_1_16' title="bbox 557 2745 2660 2853; baseline 0.001 -27"><span class='ocrx_word' id='word_1_117' title='bbox 557 2758 886 2851; x_wconf 89' lang='lat' dir='ltr'><strong>cipueque</strong></span> <span class='ocrx_word' id='word_1_118' title='bbox 938 2754 1395 2824; x_wconf 87' lang='lat' dir='ltr'><strong>fertilioribus.</strong></span> <span class='ocrx_word' id='word_1_119' title='bbox 1457 2755 1809 2824; x_wconf 81' lang='lat' dir='ltr'><strong>Graecinus</strong></span> <span class='ocrx_word' id='word_1_120' title='bbox 1853 2770 2087 2826; x_wconf 89' lang='lat' dir='ltr'><strong>auctor</strong></span> <span class='ocrx_word' id='word_1_121' title='bbox 2127 2772 2261 2847; x_wconf 87' lang='lat' dir='ltr'><strong>est,</strong></span> <span class='ocrx_word' id='word_1_122' title='bbox 2316 2745 2660 2853; x_wconf 54' lang='lat' dir='ltr'><strong>senagenis</strong></span> 
     </span>
     <span class='ocr_line' id='line_1_17' title="bbox 554 2895 2659 2991; baseline 0.001 -22"><span class='ocrx_word' id='word_1_123' title='bbox 554 2900 745 2970; x_wconf 91' lang='lat' dir='ltr'><strong>annis</strong></span> <span class='ocrx_word' id='word_1_124' title='bbox 767 2898 1040 2968; x_wconf 90' lang='lat' dir='ltr'><strong>durasse</strong></span> <span class='ocrx_word' id='word_1_125' title='bbox 1061 2899 1250 2967; x_wconf 88' lang='lat' dir='ltr'><strong>vites.</strong></span> <span class='ocrx_word' id='word_1_126' title='bbox 1268 2895 1607 2967; x_wconf 90' lang='lat' dir='ltr'><strong>Videntur</strong></span> <span class='ocrx_word' id='word_1_127' title='bbox 1627 2911 1693 2964; x_wconf 89' lang='lat' dir='ltr'><strong>et</strong></span> <span class='ocrx_word' id='word_1_128' title='bbox 1712 2900 2040 2991; x_wconf 83' lang='lat' dir='ltr'><strong>aquaticae</strong></span> <span class='ocrx_word' id='word_1_129' title='bbox 2063 2898 2659 2971; x_wconf 85' lang='lat' dir='ltr'><strong>celerius-interire.</strong></span> 
     </span>
     <span class='ocr_line' id='line_1_18' title="bbox 563 3038 2662 3138; baseline -0 -23"><span class='ocrx_word' id='word_1_130' title='bbox 563 3049 940 3116; x_wconf 86' lang='lat' dir='ltr'><strong>Senescunt</strong></span> <span class='ocrx_word' id='word_1_131' title='bbox 966 3041 1243 3136; x_wconf 91' lang='lat' dir='ltr'><strong>quidem</strong></span> <span class='ocrx_word' id='word_1_132' title='bbox 1268 3038 1620 3131; x_wconf 88' lang='lat' dir='ltr'><strong>velociter,</strong></span> <span class='ocrx_word' id='word_1_133' title='bbox 1653 3040 1767 3110; x_wconf 92' lang='lat' dir='ltr'><strong>sed</strong></span> <span class='ocrx_word' id='word_1_134' title='bbox 1793 3067 1831 3110; x_wconf 91' lang='lat' dir='ltr'><strong>e</strong></span> <span class='ocrx_word' id='word_1_135' title='bbox 1858 3042 2198 3113; x_wconf 89' lang='lat' dir='ltr'><strong>radicibus</strong></span> <span class='ocrx_word' id='word_1_136' title='bbox 2219 3042 2662 3138; x_wconf 83' lang='lat' dir='ltr'><strong>repullulant,</strong></span> 
     </span>
     <span class='ocr_line' id='line_1_19' title="bbox 557 3185 2666 3285; baseline 0.001 -28"><span class='ocrx_word' id='word_1_137' title='bbox 557 3189 788 3260; x_wconf 87' lang='lat' dir='ltr'><strong>laurus</strong></span> <span class='ocrx_word' id='word_1_138' title='bbox 804 3189 836 3276; x_wconf 82' lang='grc'><strong>,’</strong></span> <span class='ocrx_word' id='word_1_139' title='bbox 864 3201 933 3256; x_wconf 88' lang='lat' dir='ltr'><strong>et</strong></span> <span class='ocrx_word' id='word_1_140' title='bbox 969 3185 1168 3273; x_wconf 87' lang='lat' dir='ltr'><strong>mali,</strong></span> <span class='ocrx_word' id='word_1_141' title='bbox 1211 3199 1279 3254; x_wconf 86' lang='lat' dir='ltr'><strong>et</strong></span> <span class='ocrx_word' id='word_1_142' title='bbox 1315 3186 1603 3255; x_wconf 81' lang='lat' dir='ltr'><strong>Punicae.</strong></span> <span class='ocrx_word' id='word_1_143' title='bbox 1643 3187 2070 3256; x_wconf 84' lang='lat' dir='ltr'><strong>Firmissimae</strong></span> <span class='ocrx_word' id='word_1_144' title='bbox 2111 3213 2275 3285; x_wconf 88' lang='lat' dir='ltr'><strong>ergo</strong></span> <span class='ocrx_word' id='word_1_145' title='bbox 2310 3189 2395 3258; x_wconf 91' lang='lat' dir='ltr'><strong>ad</strong></span> <span class='ocrx_word' id='word_1_146' title='bbox 2433 3193 2666 3259; x_wconf 86' lang='lat' dir='ltr'><strong>viven-</strong></span> 
     </span>
    </p>
   </div>
   <div class='ocr_carea' id='block_1_7' title="bbox 561 3328 2665 3427">
    <p class='ocr_par' dir='ltr' id='par_1_7' title="bbox 561 3328 2665 3427">
     <span class='ocr_line' id='line_1_20' title="bbox 561 3328 2665 3427; baseline 0.002 -26"><span class='ocrx_word' id='word_1_147' title='bbox 561 3333 726 3402; x_wconf 88' lang='lat' dir='ltr'><strong>dum</strong></span> <span class='ocrx_word' id='word_1_148' title='bbox 761 3331 919 3403; x_wconf 82' lang='lat' dir='ltr'><strong>oleae</strong></span> <span class='ocrx_word' id='word_1_149' title='bbox 942 3384 962 3419; x_wconf 90' lang='lat'>‚</span> <span class='ocrx_word' id='word_1_150' title='bbox 1001 3346 1079 3400; x_wconf 86' lang='lat' dir='ltr'><strong>ut</strong></span> <span class='ocrx_word' id='word_1_151' title='bbox 1113 3353 1278 3424; x_wconf 87' lang='lat' dir='ltr'><strong>quas</strong></span> <span class='ocrx_word' id='word_1_152' title='bbox 1318 3328 1565 3400; x_wconf 85' lang='lat' dir='ltr'><strong>durare</strong></span> <span class='ocrx_word' id='word_1_153' title='bbox 1601 3331 1797 3400; x_wconf 90' lang='lat' dir='ltr'><strong>annis</strong></span> <span class='ocrx_word' id='word_1_154' title='bbox 1832 3354 1915 3401; x_wconf 89' lang='lat' dir='ltr'><strong>cc</strong></span> <span class='ocrx_word' id='word_1_155' title='bbox 1952 3334 2127 3402; x_wconf 88' lang='lat' dir='ltr'><strong>inter</strong></span> <span class='ocrx_word' id='word_1_156' title='bbox 2162 3347 2471 3427; x_wconf 77' lang='lat' dir='ltr'><strong>auctores</strong></span> <span class='ocrx_word' id='word_1_157' title='bbox 2505 3361 2665 3406; x_wconf 89' lang='lat' dir='ltr'><strong>con-</strong></span> 
     </span>
    </p>
   </div>
   <div class='ocr_carea' id='block_1_8' title="bbox 564 3477 806 3546">
    <p class='ocr_par' dir='ltr' id='par_1_8' title="bbox 564 3477 806 3546">
     <span class='ocr_line' id='line_1_21' title="bbox 564 3477 806 3546; baseline -0.017 0"><span class='ocrx_word' id='word_1_158' title='bbox 564 3477 806 3546; x_wconf 84' lang='lat' dir='ltr'><strong>veniat.</strong></span> 
     </span>
    </p>
   </div>
   <div class='ocr_carea' id='block_1_9' title="bbox 1191 3803 2058 3864">
    <p class='ocr_par' dir='ltr' id='par_1_9' title="bbox 1191 3803 2058 3864">
     <span class='ocr_line' id='line_1_22' title="bbox 1191 3803 2058 3864; baseline 0.002 -4"><span class='ocrx_word' id='word_1_159' title='bbox 1191 3803 1437 3860; x_wconf 82' lang='lat' dir='ltr'><strong>Arbores</strong></span> <span class='ocrx_word' id='word_1_160' title='bbox 1472 3818 1541 3860; x_wconf 81' lang='lat' dir='ltr'><strong>ex</strong></span> <span class='ocrx_word' id='word_1_161' title='bbox 1570 3815 1776 3862; x_wconf 85' lang='lat' dir='ltr'><strong>eventu</strong></span> <span class='ocrx_word' id='word_1_162' title='bbox 1815 3808 2058 3864; x_wconf 71' lang='lat' dir='ltr'><strong>nobiles,</strong></span> 
     </span>
    </p>
   </div>
   <div class='ocr_carea' id='block_1_10' title="bbox 667 4003 2662 4105">
    <p class='ocr_par' dir='ltr' id='par_1_10' title="bbox 667 4003 2662 4105">
     <span class='ocr_line' id='line_1_23' title="bbox 667 4003 2662 4105; baseline 0.005 -31"><span class='ocrx_word' id='word_1_163' title='bbox 667 4006 842 4075; x_wconf 90' lang='lat' dir='ltr'><strong>XCI.</strong></span> <span class='ocrx_word' id='word_1_164' title='bbox 869 4007 993 4074; x_wconf 89' lang='lat' dir='ltr'><strong>Est</strong></span> <span class='ocrx_word' id='word_1_165' title='bbox 1014 4003 1087 4072; x_wconf 91' lang='lat' dir='ltr'><strong>in</strong></span> <span class='ocrx_word' id='word_1_166' title='bbox 1109 4004 1497 4073; x_wconf 86' lang='lat' dir='ltr'><strong>suburbano</strong></span> <span class='ocrx_word' id='word_1_167' title='bbox 1520 4003 1883 4076; x_wconf 88' lang='lat' dir='ltr'><strong>Tusculani</strong></span> <span class='ocrx_word' id='word_1_168' title='bbox 1909 4010 2053 4104; x_wconf 83' lang='lat' dir='ltr'><strong>agri</strong></span> <span class='ocrx_word' id='word_1_169' title='bbox 2073 4006 2265 4099; x_wconf 87' lang='lat' dir='ltr'><strong>colle,</strong></span> <span class='ocrx_word' id='word_1_170' title='bbox 2294 4013 2412 4105; x_wconf 89' lang='lat' dir='ltr'><strong>qui</strong></span> <span class='ocrx_word' id='word_1_171' title='bbox 2436 4015 2662 4083; x_wconf 89' lang='lat' dir='ltr'><strong>Corne</strong></span> 
     </span>
    </p>
   </div>
   <div class='ocr_carea' id='block_1_11' title="bbox 2867 6 2873 954">
    <p class='ocr_par' dir='ltr' id='par_1_11' title="bbox 2867 6 2873 954">
     <span class='ocr_line' id='line_1_24' title="bbox 2867 6 2873 954; baseline 0 0"><span class='ocrx_word' id='word_1_172' title='bbox 2867 6 2873 954; x_wconf 95' lang='lat' dir='ltr'><strong> </strong></span> 
     </span>
    </p>
   </div>
   <div class='ocr_carea' id='block_1_12' title="bbox 2874 1909 2879 2663">
    <p class='ocr_par' dir='ltr' id='par_1_12' title="bbox 2874 1909 2879 2663">
     <span class='ocr_line' id='line_1_25' title="bbox 2874 1909 2879 2663; baseline 0 0"><span class='ocrx_word' id='word_1_173' title='bbox 2874 1909 2879 2663; x_wconf 95' lang='lat' dir='ltr'><strong> </strong></span> 
     </span>
    </p>
   </div>
  </div>
 </body>
</html>
