2941 4807
499 402 572 468 34
749 445 763 456 ·
931 408 992 463 C.
1034 407 1272 463 PLINII
1311 408 1503 464 HIST.
1547 406 1724 460 NAT.
1769 403 1908 460 LIB.
1938 400 2098 457 XVI.

500 530 802 601 arborem
825 583 843 619 ,
896 558 975 603 cx
1020 536 1151 627 qua
1188 533 1439 627 Phyllis
1491 559 1559 602 se
1621 529 2057 627 suspenderit.
2097 527 2266 615 Quae
2319 522 2576 618 gummi

503 673 821 767 gignunt,
863 691 1014 770 post
1049 678 1605 770 germinationem
1638 675 2067 768 aperiuntur:
2110 667 2364 765 gummi
2414 690 2577 735 vero

505 841 640 883 non
680 818 807 885 nisi
848 817 1068 886 fructu
1103 818 1405 887 detracto
1445 819 1783 912 spissatur.

842 1060 985 1126 Quae
1014 1058 1275 1112 facillime
1307 1058 1551 1131 perdant
1577 1057 1820 1112 fructum
1834 1096 1850 1124 ,
1887 1066 1984 1110 aut
2013 1052 2232 1110 florem.

602 1259 842 1324 XLVI.
881 1255 1172 1326 Novellae
1213 1256 1482 1325 arbores
1522 1269 1748 1324 carent
1782 1254 2005 1323 fructu
2045 1250 2368 1346 quamdiu
2410 1274 2584 1318 cres-

509 1380 687 1468 cunt.
716 1399 1014 1468 Perdunt
1043 1398 1355 1469 facillime
1387 1415 1541 1469 ante
1573 1402 2062 1483 maturitatem,
2102 1393 2349 1490 palma,
2387 1393 2588 1473 ficuS‚

511 1542 859 1652 amygdala
882 1598 901 1631 ,
942 1545 1156 1613 malus
1182 1597 1201 1631 ‚
1242 1548 1425 1638 pirus
1461 1571 1476 1612 :
1524 1546 1682 1613 item
1719 1543 2011 1629 Punica,
2054 1565 2203 1634 quae
2233 1541 2433 1608 etiam
2473 1564 2589 1607 ro-

512 1689 698 1757 ribus
732 1690 951 1758 nimiis
985 1705 1051 1758 et
1091 1691 1345 1784 pruinis
1373 1689 1604 1758 florem
1641 1689 1908 1757 amittit.
1942 1687 2106 1774 Qua
2141 1684 2224 1752 de
2255 1707 2454 1753 causa
2487 1683 2593 1750 in-

513 1833 793 1903 flectunt
851 1814 1082 1903 ramos·
1125 1835 1270 1926 ejus
1296 1888 1315 1921 ,
1373 1858 1466 1903 ne¹
1524 1834 1810 1903 subrecti
1873 1833 2226 1900 humorem
2281 1828 2596 1897 infestum

515 1983 876 2076 excipiant,
915 1995 1117 2075 atque
1153 1983 1558 2051 contineant.
1596 1983 1790 2051 Pirus
1824 1995 1890 2049 et
1923 1975 2269 2074 amygdala
2291 2030 2311 2064 ‚
2338 1977 2598 2046 etiamsi

516 2149 651 2192 non
692 2122 928 2217 pluat,
979 2125 1090 2193 sed
1146 2124 1263 2194 fiat
1316 2126 1715 2195 Austrinum
1765 2123 1997 2192 caelum
2024 2174 2043 2211 ,
2096 2135 2214 2191 aut
2245 2117 2597 2208 nubilum,

518 2270 830 2337 amittunt
861 2268 1092 2338 florem
1118 2285 1186 2339 et
1216 2272 1468 2363 primos
1497 2268 1752 2336 fructus
1776 2319 1794 2355 ,
1833 2268 1917 2352 si,
1957 2289 2164 2358 quum
2197 2262 2600 2350 defloruere,

519 2410 682 2480 tales
724 2411 861 2482 dies
902 2412 1170 2483 fuerint.
1216 2413 1540 2480 Ocissime
1587 2425 1808 2478 autem
1846 2408 2012 2478 salix
2045 2410 2293 2478 amittit
2331 2432 2561 2478 semen
2582 2459 2607 2494 ,

449 2599 460 2609 ,
519 2575 876 2651 antequam
919 2562 1195 2628 omnino
1237 2558 1689 2625 maturitatem
1724 2558 1965 2625 sentiat
1982 2606 2001 2643 ,
2035 2556 2122 2625 ob
2161 2555 2228 2623 id
2266 2555 2442 2623 dicta
2467 2559 2606 2624 Ho-

522 2726 707 2770 mero
753 2701 856 2769 fru
865 2701 1138 2796 giperda
1180 2728 1193 2768 ε
1248 2714 1475 2769 secuta
1515 2714 1671 2768 aetas
1714 2699 1957 2768 scelere
1995 2724 2119 2767 suo
2170 2702 2607 2794 interpretata

524 2821 625 2911 est
662 2843 836 2911 hanc
873 2844 1263 2911 sententiam
1293 2896 1313 2927 ‚
1353 2842 1621 2935 quando
1662 2868 1886 2911 semen
1922 2839 2136 2911 salicis
2176 2840 2442 2910 mulieri
2479 2857 2608 2910 ste·

528 2984 791 3053 rilitatis
819 2984 1377 3055 medicamentum
1414 3009 1556 3054 esse
1586 3001 1868 3054 constat.
1906 2984 2039 3054 Sed
2077 2986 2147 3053 in
2175 2985 2607 3079 hocnquoque

526 3128 885 3224 providens
925 3145 1202 3216 natura,
1255 3127 1443 3197 facile
1485 3131 1824 3214 nascenti,
1871 3144 1938 3197 et
1980 3127 2262 3223 depacto
2300 3126 2606 3217 surcu10‚

528 3274 926 3343 incuriosius
974 3298 1198 3343 semen
1235 3274 1438 3343 dedit.
1479 3277 1633 3343 Una
1668 3289 1885 3343 tamen
1922 3274 2229 3368 proditur
2268 3275 2354 3344 ad
2395 3292 2611 3344 matu·

529 3418 796 3485 ritatem
843 3417 1138 3511 perferre
1178 3415 1375 3486 solita
1393 3469 1413 3504 ‚
1457 3420 1525 3484 in
1563 3420 1761 3487 Creta
1802 3417 2015 3486 insula
2037 3470 2057 3505 ‚
2109 3420 2255 3512 ipso
2288 3418 2608 3488 descensu

532 3562 713 3631 Jovis
740 3559 1091 3653 speluncae,
1120 3576 1385 3630 torvum
1405 3559 1856 3655 ligneumque,
1874 3561 2333 3655 magnitudine
2357 3563 2608 3632 ciceris.

2678 0 2900 405 Ὗ
