2941 4807
529 405 638 462 136
996 414 1058 469 C.
1100 416 1336 471 PLINII
1374 416 1567 472 HIST.
1610 416 1778 475 ΕΔΤ.
1822 415 1959 470 LIB.
1985 413 2141 468 XVI.

528 560 730 627 quam
763 537 1027 608 ferulae:
1059 543 1308 637 quippe
1334 541 1487 637 plus
1516 541 1681 636 ligni
1712 543 1948 635 utique
1977 539 2316 609 sambuco,
2343 539 2448 604 Ex
2478 557 2611 627 qua

525 683 739 776 magis
787 708 1101 753 canoram
1137 685 1492 755 buccinam
1528 686 1894 780 tubamque
1933 683 2150 754 credit
2194 695 2423 778 pastor
2450 730 2470 768 ‚
2519 679 2611 747 ibi

477 870 487 881 ·
527 850 691 896 caesa
706 880 723 913 ,
744 828 861 895 ubi
890 829 1220 924 gallorum
1246 847 1518 902 cantum
1539 822 1759 902 frutex
1782 830 1893 901 ille
1915 856 2052 900 non
2079 827 2409 898 exaudiat.
2428 827 2612 896 Rubi

530 996 718 1041 mora
770 973 992 1044 ferunt
1036 1002 1050 1043 t
1108 992 1173 1045 et
1233 976 1362 1046 alio
1399 1002 1639 1073 genere
1689 975 2193 1046 similitudinem
2237 997 2403 1041 rosae
2430 1023 2452 1059 e·
2494 971 2611 1064 qui

529 1132 806 1187 vocatur
829 1121 1245 1214 cynosbatos.
1273 1123 1575 1206 Tertium
1603 1146 1810 1217 genus
1842 1120 2095 1192 Idaeum
2127 1130 2372 1188 vocant
2393 1116 2615 1185 Graeci

530 1285 570 1330 a
604 1259 774 1329 loco‚
811 1264 1108 1331 Tenuius
1139 1277 1241 1332 est
1282 1287 1485 1356 quam
1524 1279 1742 1332 cetera
1765 1315 1784 1349 ‚
1822 1261 2325 1353 minoribusque
2362 1258 2574 1351 spinis
2597 1308 2617 1344 ,

533 1418 598 1471 et
635 1401 856 1473 minus'
888 1404 1186 1475 aduncis,
1226 1404 1379 1476 Flos
1411 1408 1553 1498 ejus
1589 1421 1821 1475 contra
1854 1403 2290 1499 lippitudines
2320 1363 2619 1469 'illinitur

529 1574 613 1617 ex
653 1547 892 1658 melle:
935 1564 1001 1618 et
1043 1551 1184 1644 igni
1218 1574 1426 1618 sacro.
1474 1552 1729 1620 Contra
1774 1548 2101 1618 stomachi
2147 1571 2412 1640 quoque
2457 1544 2621 1613 vitia

532 1692 786 1762 bibitur
807 1718 888 1765 ex
908 1718 1101 1786 aqua.
1127 1680 1441 1762 Sambuci
1474 1695 1699 1763 acinos
1723 1693 1971 1761 habent
1993 1694 2222 1786 nigros
2243 1705 2442 1782 atque
2467 1714 2624 1783 par-

529 1862 649 1904 vos
674 1888 694 1924 ‚
742 1836 1043 1906 humoris
1087 1836 1292 1923 lenti,
1342 1837 1697 1907 inficiendo
1749 1837 2032 1906 maxime
2066 1833 2348 1930 capillo:
2389 1835 2507 1927 qui
2557 1848 2622 1901 et

531 1983 661 2074 ipsi
701 2007 872 2075 aqua
911 1981 1168 2052 decocti
1211 1983 1643 2055 manduntur.

1286 2517 1372 2569 De
1400 2516 1668 2569 arborum
1698 2505 1893 2574 succisi

634 2741 911 2807 LXXII.
953 2734 1062 2806 38.
1107 2740 1372 2804 Humor
1401 2749 1464 2802 et
1500 2735 1731 2802 cortici
1777 2731 2096 2799 arborum
2136 2741 2263 2815 est,
2312 2724 2429 2817 qui
2472 2747 2627 2790 san-

541 2885 688 2979 guis
733 2905 961 2951 earum
1011 2877 1292 2973 intelligi
1347 2877 1542 2945 debet
1573 2931 1590 2964 ,
1653 2900 1787 2943 non
1837 2873 2015 2941 idem
2070 2869 2398 2939 omnibus.
2450 2866 2632 2934 Ficis

539 3030 790 3100 lacteus
824 3056 839 3096 ε
883 3028 1042 3097 huic
1089 3025 1172 3094 ad
1212 3049 1437 3094 caseos
1477 3020 1857 3116 figurandos
1903 3015 2167 3111 coaguli
2204 3017 2323 3083 vis,
2366 3011 2630 3082 Cerasis

540 3177 1002 3270 gumminosus
1024 3224 1043 3259 ,
1085 3168 1284 3265 ulmis
1316 3166 1635 3236 salivosus
1668 3192 1682 3232 ε
1720 3164 1937 3232 lentus
1974 3187 2049 3229 ac
2086 3159 2357 3254 pinguis
2399 3154 2635 3242 malis,-

541 3319 783 3386 vitibus
817 3342 894 3385 ac
927 3316 1092 3411 piris
1132 3336 1438 3408 aquosus,
1475 3311 1865 3396 Vivaciora‚
1910 3306 2157 3399 quibus
2200 3301 2464 3372 lentior.
2501 3304 2627 3367 At-

540 3460 759 3554 quein
782 3475 998 3528 totum
1018 3458 1283 3551 corpori
1306 3456 1648 3537 arborum,
1678 3467 1752 3519 ut
1771 3450 2185 3543 reliquorum
2214 3443 2630 3530 animalium,

543 3607 745 3689 cutis,
782 3604 1087 3697 sanguis,
1126 3626 1317 3687 caro,
1355 3599 1576 3684 nervi,
1620 3621 1840 3682 venae,
1882 3620 2070 3680 ossa,
2115 3588 2460 3677 medullae,
2503 3612 2634 3681 pro

541 3766 693 3821 cute
727 3764 973 3818 cortex,
1016 3749 1319 3846 Mirum:
1366 3747 1420 3812 is
1462 3746 1533 3814 in
1573 3768 1763 3811 moro
1815 3740 2088 3810 medicis
2138 3762 2411 3808 succum
2448 3760 2631 3829 quae-

544 3895 841 3965 rentibus
864 3946 883 3983 ,
919 3916 1071 3961 vere
1094 3944 1112 3980 ‚
1148 3892 1315 3959 hora
1355 3889 1485 3957 diei
1520 3886 1846 3974 secunda,
1887 3884 2109 3980 lapide
2146 3885 2447 3954 incussus
2489 3905 2633 3948 ma-

545 4053 697 4113 nat:
729 4037 923 4111 altius
960 4035 1197 4106 fractus
1233 4035 1443 4104 siccus
1477 4030 1757 4100 videtur.
1789 4029 2088 4101 Proximi
2118 4027 2454 4123 plerisque
2484 4021 2628 4093 adi-
