2941 4807
366 424 393 464 a
407 428 440 465 2
841 382 905 465 c.
945 409 1184 466 PL1N11
1222 408 1418 466 amr.
1460 410 1630 468 NAT.
1672 410 1997 468 L113.xv1.

378 532 602 626 primo
641 530 771 601 fuit
793 583 814 620 ‚
859 546 1091 627 postea
1140 533 1353 629 magis
1389 531 1645 628 placuit
1676 560 1759 604 ex
1793 532 2018 605 esculo
2065 534 2215 605 Jovi
2260 558 2471 605 sacra.
2549 584 2560 590 -

368 667 860 771 Variaitumque
896 690 962 746 et
1005 702 1162 746 cum
1192 702 1446 772 quercu
1486 694 1588 749 est
1609 731 1629 768 ,
1675 704 1753 751 ac
1793 678 1950 749 data
1991 678 2279 772 ubique,
2325 703 2474 773 quae

367 820 631 909 fuerat,
669 821 1013 917 custodito·
1043 836 1309 892 tantum
1356 823 1617 895 honore
1654 821 1937 921 glandis.
1992 821 2257 895 Additae
2300 819 2476 918 leges

366 980 608 1054 arctae,
649 978 720 1035 et
764 965 916 1035 ideo
959 969 1263 1063 superbae
1288 1020 1308 1057 ‚
1350 991 1653 1063 quasque
1708 967 2013 1039 conferre
2057 964 2265 1036 libeat
2320 990 2475 1035 cum

369 1106 486 1178 illa
519 1112 912 1180 Graecorum
943 1135 1227 1201 summa,
1255 1136 1404 1206 quae
1440 1113 1567 1182 sub
1606 1112 1763 1207 ipso·
1785 1115 1949 1182 Jove
1975 1111 2197 1199 datur,
2230 1111 2474 1205 cuique

370 1277 602 1324 muros
638 1257 855 1349 patria
889 1254 1189 1351 gaudens
1222 1258 1526 1352 rumpit:
1563 1286 1597 1323 α
1619 1258 1858 1327 Civem
1883 1279 2177 1345 servare,
2215 1249 2474 1325 hostem

374 1396 681 1466 occidere
712 1423 729 1466 ε
768 1412 978 1492 utque
1022 1423 1175 1468 eum
1225 1396 1448 1470 locum
1470 1451 1491 1485 ‚
1548 1401 1620 1469 in
1657 1426 1796 1494 quo
1835 1402 1921 1470 sit
1955 1400 2180 1471 actum
2207 1451 2227 1488 ‚
2263 1398 2482 1469 hostis.

379 1540 681 1612 obtineat
737 1556 819 1612 eo
872 1542 1026 1612 die:
1069 1559 1148 1614 ut
1185 1559 1483 1615 servatus
1531 1544 1869 1615 fateatur:
1927 1543 2091 1615 alias
2131 1558 2330 1615 testes
2380 1541 2476 1612 nil

378 1702 687 1782 prosunt.
722 1691 818 1758 Ut
850 1688 1014 1758 civis
1052 1689 1296 1758 fuerit:
1338 1688 1586 1760 auxilia
1606 1742 1626 1776 ‚
1661 1690 1968 1784 quamvis
2002 1713 2157 1785 rege
2183 1701 2479 1773 servate,
2531 1781 2550 1797 ὓ

381 1831 579 1901 decus
622 1830 691 1903 id
731 1856 870 1901 non
920 1832 1103 1902 dant.
1143 1835 1288 1902 Nec
1319 1833 1559 1903 crescit
1592 1832 1810 1903 honos
1855 1832 2031 1903 idem
2071 1833 2478 1927 imperatore

383 1991 801 2064 conservam,
827 1944 1147 2071 quoniam
1170 1977 1551 2047 conditores
1576 1976 1648 2046 in
1672 2002 2097 2072 quocumque
2124 1979 2272 2046 cive
2302 2002 2481 2045 sum-

389 2142 577 2189 mum
617 2144 756 2189 esse
787 2118 1080 2191 voluere.
1136 2125 1431 2216 Accepta
1481 2120 1641 2191 licet
1695 2124 1796 2191 uti
1844 2136 2194 2217 perpetuo.
2247 2119 2476 2191 Ludos

387 2264 648 2333 ineunti
684 2288 945 2360 semper
988 2236 1302 2362 adsurgi,
1345 2266 1545 2335 etiam
1580 2265 1665 2333 ab
1707 2281 1982 2352 senatu,
2024 2266 2094 2333 in
2136 2290 2323 2333 more
2356 2278 2475 2334 est.

393 2411 678 2481 Sedendi
704 2412 815 2506 jus
843 2412 916 2481 in
949 2414 1259 2510 proximo
1302 2412 1585 2481 senatui.
1621 2412 1902 2482 Vacatio
1940 2436 2295 2481 munerum
2333 2436 2479 2480 om-

388 2558 578 2627 nium
615 2558 780 2653 ipsi,
831 2560 1142 2654 patrique
1164 2611 1183 2649 ,
1231 2574 1300 2628 et
1353 2584 1482 2628 avo
1532 2573 1838 2656 paternoe
1870 2590 1905 2625 υ
1949 2559 2481 2650 Quatuordecim

389 2727 501 2774 eas
534 2704 791 2799 accepit
824 2704 1080 2775 Siccius
1110 2707 1442 2775 Dentatus
1461 2755 1482 2789 ‚
1516 2718 1593 2774 ut
1622 2703 1971 2780 retulimus
1998 2676 2121 2774 su‘o
2147 2701 2334 2774 loco:
2372 2726 2483 2771 sex

389 2846 831 2944 Capitolinus.
872 2853 941 2921 Is
981 2848 1252 2943 quidem
1292 2863 1359 2916 et
1406 2846 1490 2918 de
1531 2847 1701 2917 duce
1761 2846 2071 2918 Servilio.
2119 2846 2482 2917 'Africanus

392 2992 477 3062 de
508 3007 700 3090 patre
741 2993 1044 3088 accipere
1082 2992 1299 3064 noluit
1336 2985 1522 3087 apud
1556 2990 1890 3061 Trebiam.
1935 2993 2000 3060 Ο
2041 3015 2260 3059 mores
2292 3003 2481 3058 aeter-

400 3163 552 3226 noS,
589 3137 708 3232 qui
739 3150 925 3207 tanta
965 3161 1170 3230 opera
1211 3135 1469 3205 honore
1508 3133 1652 3205 solo
1685 3134 2124 3204 donaverint:
2166 3149 2234 3203 et
2270 3158 2479 3229 quum

392 3282 684 3378 reliquas
723 3308 1004 3354 coronas
1039 3307 1205 3351 auro
1256 3280 1806 3352 commendarent
1823 3333 1843 3367 ‚
1880 3278 2161 3352 salutem
2205 3282 2367 3352 civis
2407 3282 2478 3350 in

393 3429 611 3525 pretio
644 3450 781 3496 esse
814 3421 1156 3495 noluerint
1185 3446 1219 3492 :⁴
1237 3419 1768 3516 clareprofessi,
1797 3446 1898 3490 —ne
1932 3421 2181 3491 servari
2210 3420 2480 3515 quidem

393 3574 734 3645 hominem
766 3570 865 3641 fas
900 3594 1040 3640 esse
1058 3575 1063 3584 ’
1081 3567 1251 3640 lucri
1288 3557 1529 3641 causa!
