2941 4807
557 452 671 528 374
1028 454 1094 510 C.
1134 454 1365 512 PLINII
1403 454 1600 511 HIST.
1640 454 1816 511 NAT.
1848 455 1989 510 LIB.
2018 453 2207 510 xvn.

556 601 690 670 que
718 543 1171 672 quadrupedis
1197 603 1279 650 ex
1308 579 1558 673 cytiso:
1581 577 1789 673 aliqui
1825 575 2238 648 columbaria
2262 575 2656 671 praeferunt.

557 723 945 798 Proximum
980 723 1223 793 deinde
1252 745 1610 819 caprarum
1642 735 1781 811 est,
1830 724 1917 793 ab
1946 725 2075 793 hoe
2111 724 2375 814 ovium,
2415 722 2665 792 deinde

557 869 766 937 boum
787 922 807 959 ‚
833 870 1274 938 novissimum
1313 868 1800 961 jumentorum.
1818 871 1939 938 Hae
1975 867 2164 937 fuere
2195 868 2375 963 apud
2398 867 2661 964 priscos

562 1012 957 1083 differentiae
989 1066 1012 1102 ,
1074 1011 1404 1107 simulque
1458 1028 1792 1108 praecepta
1848 1010 1878 1114 <
1906 1026 1983 1082 ut
2042 992 2363 1108 inuenio)
2405 1038 2483 1082 re
2542 1010 2663 1081 tali

563 1155 835 1245 utendi,
877 1154 1147 1250 quando
1185 1170 1254 1225 et
1292 1157 1406 1225 hic
1442 1170 1744 1225 vetustas
1784 1154 2060 1225 utilior:
2116 1157 2473 1249 visumque
2517 1155 2661 1249 jam

564 1318 666 1373 est
704 1299 884 1397 apud
922 1299 1246 1395 quosdam
1277 1298 1794 1395 provincialium
1816 1349 1836 1385 ,
1866 1295 1944 1369 ‘in
1973 1314 2237 1369 tantum
2271 1299 2664 1370 abundante

564 1444 812 1542 geniali
847 1448 1041 1541 copia
1084 1444 1457 1540 pecudum,
1496 1443 1727 1514 farinae
1757 1443 1906 1514 vice
1953 1441 2190 1515 cribris
2222 1443 2618 1542 superinjici
2640 1497 2660 1533 ,

565 1589 802 1662 foetore
831 1604 1257 1684 aspectuque,
1290 1591 1610 1684 temporis
1647 1569 1930 1678 viribus»,
1963 1589 2030 1656 in
2061 1588 2421 1684 quamdam
2461 1589 2667 1658 etiam

568 1738 849 1834 gratiam
872 1748 1152 1805 mutato.
1187 1736 1422 1830 Nuper
1449 1748 1828 1828 repertum,
1849 1727 2343 1828 oleas'gaudere
2376 1735 2671 1806 maxime

570 1882 796 1954 cinere,
820 1907 858 1952 e
894 1879 1194 1952 calcariis
1230 1877 1636 1948 fornacibus,

676 2627 895 2694 Varro
926 2604 1277 2720 praeceptis
1328 2625 1601 2722 adjicit,
1640 2652 1675 2691 «
1696 2626 1946 2720 equino
1970 2674 1991 2714 ,
2046 2624 2231 2719 quod
2267 2624 2355 2693 sit
2404 2621 2669 2699 levissi-

576 2788 761 2836 mum
782 2820 802 2857 ‚
846 2781 1097 2863 segetes
1132 2766 1444 2837 alendas:
1483 2783 1679 2863 prata
1710 2790 1873 2837 vero
1903 2768 2242 2863 graviore,
2271 2780 2336 2836 et
2369 2766 2559 2860 quod
2594 2790 2674 2835 ex

577 2911 830 2981 hordeo
869 2906 987 2980 fiat
1006 2963 1026 2999 ‚
1060 2896 1454 3006 multasque⁸
1483 2913 1714 3008 gignat
1749 2910 2015 3021 herbas.
2043 2942 2076 2977 n
2128 2909 2427 3000 Quidam
2470 2911 2675 2978 etiam

578 3054 830 3126 bubulo
875 3048 1337 3150 jumentorum
1370 3051 1757 3151 ⁸praeferunt
1781 3108 1801 3144 ‚
1858 3054 2274 3149 ovillumque
2338 3052 2676 3149 caprino:

580 3200 891 3275 omnibus
927 3225 1090 3273 vero
1131 3200 1468 3271 asininum
1486 3251 1511 3290 ‚
1548 3201 1868 3293 quoniam
1914 3197 2279 3270 lentissime
2309 3195 2677 3269 mandunt.

578 3349 638 3421 E
679 3329 1036 3419 contrarie
1060 3368 1223 3417 usus
1262 3343 1580 3417 adversus
1622 3358 1986 3438 utrumque
2023 3340 2445 3437 pronuntiat.
2489 3344 2680 3412 Inter

582 3452 822 3577 amnesi
863 3507 1091 3563 ‘autem
1141 3506 1401 3563 constat
1452 3486 1620 3561 nihil
1675 3512 1816 3560 esse
1863 3488 2092 3561 utilius
2128 3490 2343 3585 lupini
2398 3503 2634 3584 segete
2659 3540 2681 3576 ,

582 3634 977 3732 priusquam
1007 3636 1390 3731 siliquetur‚
1434 3651 1656 3706 aratro
1691 3633 1795 3705 vel
1838 3635 2222 3706 bidentibus
2253 3660 2449 3705 versa
2472 3687 2495 3724 ‚
2534 3661 2681 3704 ma-

583 3774 917 3877 nipulisve
955 3746 1284 3871 desectaeJ
1310 3781 1489 3849 circa
1518 3779 1778 3850 radices
1814 3779 2133 3881 arborum
2165 3805 2242 3849 ae
2274 3779 2522 3850 vitium
2564 3781 2684 3850 ob-

583 3926 784 3997 rutis.
830 3926 1053 3998 Etiam
1094 3926 1209 3995 ubi
1251 3950 1387 3995 non
1424 3926 1509 3995 sit
1543 3896 1746 4021 pecus
1770 3979 1790 4017 ,
1823 3925 2047 3996 culmo
2088 3928 2232 4021 ipso
2258 3979 2278 4015 ,
2325 3925 2434 3997 vel
2471 3929 2679 3998 etiam

585 4068 757 4139 filice
777 4120 797 4153 ‚
835 4083 1201 4142 stercorare
1227 4071 1666 4144 arbitrantur.
