2941 4807
515 416 590 485 54
1001 426 1065 482 C.
1105 429 1342 484 PLINII
1379 430 1577 489 HIST.
1618 432 1787 488 NAT.
1828 431 1970 488 LIB.
1999 431 2152 488 XVI.

454 654 461 663 ἱ
511 559 790 618 vocatur
814 551 1441 647 staphylodendron.
1465 559 1621 625 Fert
1640 554 1914 650 siliquas
1931 609 1951 646 ,
1984 573 2052 627 et
2081 559 2256 626 iniis
2281 556 2559 627 nucleos
2576 610 2596 642 ‚

513 713 750 785 sapore
785 696 976 765 nucis
1019 695 1355 768 avellanae.

1309 1254 1460 1313 Buxi
1482 1273 1691 1332 genera
1716 1273 1812 1314 111.

607 1475 925 1546 XXVIII.
962 1480 1044 1546 In
1082 1478 1316 1574 primis
1349 1505 1510 1549 vero
1543 1481 1852 1550 materies
1883 1481 2217 1549 honorata
2255 1477 2437 1548 buxo
2469 1492 2601 1564 est,

510 1608 673 1688 raro
719 1621 1037 1715 crispanti
1060 1675 1082 1707 ‚
1129 1647 1250 1692 nec
1286 1624 1415 1693 nisi
1453 1623 1719 1694 radice:
1760 1639 1985 1694 cetero
2021 1623 2191 1693 lenis
2238 1625 2425 1717 quies
2462 1646 2609 1727 ma-

511 1763 723 1850 teriae,
757 1762 1022 1834 silentio
1058 1765 1384 1859 quodam,
1425 1765 1495 1837 et
1529 1767 1807 1855 duritie,
1844 1791 1923 1837 ac
1966 1765 2223 1862 pallore
2262 1790 2608 1836 commen-

510 1905 751 1977 dabilis
786 1933 803 1977 ε
855 1910 925 1977 in
962 1908 1105 2004 ipsa
1154 1935 1313 1981 vero
1367 1913 1609 1982 arbore
1679 1913 1967 2007 topiario
2002 1936 2224 2007 opere.
2258 1913 2416 1981 Tria
2467 1912 2611 2004 ejus

512 2076 796 2147 genera:
842 2053 1181 2125 Gallicum
1208 2110 1227 2145 ‚
1274 2057 1458 2150 quod
1501 2059 1569 2126 in
1617 2071 1827 2128 metas
1880 2058 2208 2128 emittitur
2227 2111 2247 2143 ‚
2285 2055 2605 2153 amplitu-

510 2196 868 2296 dinemque
898 2204 1368 2296 proceriorem.
1408 2204 1794 2276 Oleastrum
1832 2207 1902 2274 in
1937 2206 2124 2276 omni
2163 2231 2289 2277 usu
2325 2204 2603 2276 damna-

509 2358 658 2416 tum
674 2398 694 2436 ,
729 2371 1003 2443 gravem
1032 2349 1299 2445 praefert
1342 2349 1642 2421 odorem.
1683 2352 1986 2421 Tertium
2025 2374 2236 2446 genus
2277 2362 2605 2420 nostrates

508 2506 758 2562 vocant
785 2519 801 2561 z
843 2491 1142 2563 silvestre
1160 2544 1191 2580 ,
1222 2509 1303 2563 ut
1334 2492 1537 2564 credo
1554 2547 1573 2581 ,
1609 2495 1992 2590 mitigatum
2021 2509 2211 2566 satu:
2251 2493 2563 2564 diffusius
2586 2546 2606 2578 ,

511 2652 580 2705 et
617 2636 944 2709 densitate
975 2641 1309 2733 parietum
1340 2642 1563 2711 virens
1606 2665 1905 2734 semper,
1950 2664 2028 2709 ac
2068 2638 2328 2710 tonsile.
2378 2642 2606 2709 Buxus

509 2783 841 2875 Pyrenaeis
857 2836 878 2870 ,
914 2808 993 2853 ac
1025 2785 1313 2879 Cytoriis
1350 2785 1696 2855 montibus
1730 2779 2023 2882 plurima
2045 2837 2065 2874 ,
2108 2800 2177 2855 et
2211 2786 2609 2880 Berecyntio

509 2941 767 2996 tractu:
797 2928 1198 2998 crassissima
1224 2930 1296 2998 in
1320 2930 1625 3018 Corsica,
1656 2929 1822 2999 flore
1845 2956 1985 2999 non
2010 2927 2424 3025 spernendot
2455 2953 2604 3024 quae

511 3096 712 3142 causa
744 3073 1208 3143 amaritudinis
1238 3073 1477 3149 mellis.
1513 3078 1756 3145 Semen
1791 3072 1969 3145 illius
2002 3077 2262 3146 cunctis
2299 3075 2605 3145 animan-

510 3215 687 3286 tibus
715 3217 1028 3287 invisum.
1065 3221 1223 3290 Haec
1255 3218 1328 3287 in
1350 3218 1645 3313 Olympo
1671 3190 2087 3290 Macedoniae
2122 3218 2460 3315 gracilior,
2489 3218 2604 3288 sed

509 3363 751 3434 brevis.
799 3368 1001 3437 Amat
1037 3363 1317 3459 frigida,
1360 3389 1620 3459 aspera.
1667 3368 1745 3434 In
1798 3365 1939 3459 igni
1987 3390 2259 3460 quoque
2310 3365 2562 3435 duritia
2580 3418 2602 3454 ,

511 3531 659 3601 quae
697 3505 875 3577 ferro
911 3534 928 3577 ε
969 3533 1095 3578 nec
1126 3507 1427 3598 flamma,
1465 3533 1590 3579 nec
1623 3510 1917 3580 carbone
1956 3507 2161 3579 utilis.

1225 3885 1530 3941 Ulmorum
1569 3900 1778 3959 genera
1818 3903 1897 3940 ιν.

609 4077 864 4148 XXIX.
927 4101 952 4146 1
971 4102 1031 4173 7.
1074 4079 1259 4146 Inter
1304 4077 1427 4146 has
1476 4093 1677 4171 atque
1727 4074 2076 4171 frugiferas
2097 4127 2116 4165 ,
2170 4075 2445 4145 materie
2508 4075 2610 4142 vi-

1769 4271 1786 4310 Ι
