2941 4807
544 402 657 461 368
977 403 1040 461 c.
1082 384 1313 461 PLIN'11
1354 403 1548 462 msr.
1591 405 1758 463 NAT.
1802 407 1925 463 Lm
1976 406 2164 464 xvn.

629 529 712 600 ·8.
744 530 915 619 Quae
944 530 1226 625 pingues
1253 553 1396 600 esse
1428 532 1832 620 sentiuntur,
1857 553 1940 601 ex
1964 534 2070 602 his
2096 533 2437 629 praecipua
2464 532 2644 603 alba.

547 672 751 744 Plura
769 675 914 768 ejus
938 700 1199 770 genera.
1229 676 1849 764 Mordacissimum,
1876 677 2062 770 quod
2086 699 2289 772 supra
2322 676 2646 746 diXimus.

542 818 846 893 Alterum
906 847 1116 917 genus
1166 817 1332 891 albae
1384 795 1583 891 cretae
1639 824 2012 917 argentaria
2068 837 2189 892 est.
2238 820 2503 892 Petitur
2561 849 2648 892 ex

542 966 681 1037 alto
707 1020 727 1053 ‚
778 969 848 1036 in
909 983 1223 1054 centenos
1281 965 1484 1061 pedes
1534 970 1696 1058 actis
1758 965 2154 1062 plerumque
2203 970 2467 1063 puteis3
2521 993 2645 1037 ore

546 1126 944 1208 angustatur
990 1140 1006 1180 :
1067 1113 1249 1182 intus
1284 1129 1337 1201 ,ᾖ
1366 1127 1443 1182 ut
1514 1113 1588 1184 in
1650 1110 1936 1182 metallis
1967 1163 1988 1201 ,
2053 1084 2384 1207 spatiante
2445 1138 2641 1182 vena.

538 1262 682 1327 Hac
720 1258 1006 1327 maxime
1038 1257 1387 1326 Britannia
1418 1257 1668 1330 utitur.
1715 1256 1983 1328 Durant
2022 1258 2233 1327 annis
2260 1275 2457 1327 Lxxx.
2504 1256 2645 1329 Ne-

537 1423 670 1497 que
697 1415 797 1471 est
832 1399 1209 1497 exemplum
1245 1399 1447 1472 ullius
1482 1390 1612 1497 qui*
1636 1397 1845 1471 bisin
1889 1400 2026 1471 vita
2066 1403 2242 1471 hanc
2280 1401 2504 1471 eidem
2536 1404 2646 1471 in-

533 1549 792 1640 jecerit.
828 1545 1133 1616 Tertium
1186 1571 1394 1643 genus
1429 1541 1728 1628 candidae
1749 1601 1768 1632 ‚
1802 1531 2325 1642 glyssomargam
2367 1562 2642 1616 vocant.

539 1696 659 1762 Est
721 1707 944 1761 autem
1002 1706 1185 1761 creta
1240 1691 1521 1761 fullonia
1571 1693 1780 1760 mixta
1834 1685 2071 1786 pingui
2125 1706 2346 1774 terra,
2407 1690 2646 1785 pabuli

540 1855 745 1930 quam
778 1836 1050 1930 frugum
1082 1835 1385 1925 fertilior,
1420 1837 1516 1904 ita
1545 1850 1623 1905 ut
1649 1833 2158 1914 messesublata
2184 1849 2342 1904 ante
2382 1858 2649 1903 semen-

542 1993 677 2052 tem
706 1980 983 2051 alteram
1014 1979 1429 2050 laetissimum
1463 1994 1743 2084 secetur.
1771 1983 1953 2049 Dum
1982 1981 2052 2049 iu
2086 1980 2280 2075 fruge
2312 1995 2456 2069 est,
2495 1978 2648 2049 nul-

533 2124 677 2195 lum
700 2121 882 2195 aliud
903 2148 1175 2222 gramen
1204 2127 1465 2195 emittit.
1493 2123 1716 2195 Durat
1744 2147 1878 2193 xxx
1899 2126 2127 2198 annis:
2155 2124 2428 2222 densior
2448 2126 2642 2220 justo

542 2267 805 2366 Signini
837 2267 1042 2339 modo
1075 2263 1448 2364 strangulat
1483 2267 1720 2338 solum.
1741 2263 2219 2337 Columbinam
2242 2260 2483 2339 Galliae
2512 2295 2641 2339 suo

533 2414 807 2485 nomine
873 2413 1324 2511 eglecopalam
1389 2412 1734 2509 appellant
1792 2441 1808 2481 ε
1883 2411 2095 2508 glebis
2156 2415 2484 2483 excitatur
2538 2413 2640 2483 la-

537 2562 772 2657 pidum
812 2561 1015 2631 modo
1045 2586 1063 2629 ε
1101 2560 1241 2630 sole
1277 2574 1345 2639 et
1380 2558 1713 2655 gelatione
1749 2562 1844 2629 ita
1877 2558 2201 2648 solvitur,
2253 2575 2330 2630 ut
2376 2561 2642 2630 tenuis-

535 2708 736 2775 simas
786 2702 1088 2787 bracteas
1138 2702 1355 2778 faciat.
1409 2709 1569 2775 Haec
1618 2726 1700 2774 ex
1742 2729 1935 2798 aequo
1991 2704 2249 2774 fertilis.
2293 2708 2641 2776 Amnaoea

535 2862 861 2939 utuntur',
911 2850 966 2920 si
1005 2846 1136 2919 alia
1173 2872 1312 2920 non
1352 2853 1439 2919 sit
1476 2876 1492 2919 ε
1542 2851 1613 2918 in
1657 2849 2004 2946 uliginosis
2037 2870 2245 2933 vet-0,
2301 2860 2369 2920 et
2404 2853 2459 2920 si
2504 2849 2642 2921 alia

536 3002 638 3068 sit.
692 2994 908 3074 Ubios
964 2996 1267 3094 gentium
1323 2996 1500 3067 solos
1555 2998 1865 3066 novimus
1895 3049 1914 3081 ‚
1978 2999 2095 3091 qui
2151 2990 2636 3067 fertilissimum

529 3169 771 3240 agrum
823 3141 1113 3231 colentes
1136 3194 1155 3228 ‚
1178 3196 1181 3209 .
1202 3166 1630 3237 quacumque
1664 3155 1842 3211 terra
1887 3141 2062 3210 infra
2110 3157 2243 3211 tres
2290 3141 2497 3238 pedes
2542 3144 2638 3212 ef-

532 3286 737 3371 fossa,
764 3302 831 3356 et
862 3285 1081 3382 pedali
1114 3284 1548 3381 crassitudine
1575 3286 1819 3379 injecta
1842 3284 2200 3357 laetificent.
2234 3285 2361 3356 Sed
2386 3311 2464 3356 ea
2492 3313 2636 3357 non

533 3434 785 3503 diutius
819 3436 1014 3503 annis
1045 3456 1091 3502 x
1133 3433 1423 3528 prodest.
1470 3433 1670 3503 AEdui
1703 3449 1766 3503 et
1801 3435 2112 3506 Pictones
2148 3435 2326 3526 calce
2364 3438 2636 3508 uberri-

536 3603 681 3652 mos
724 3579 938 3653 fecere
976 3606 1172 3680 agros
1205 3608 1221 3652 :
1264 3604 1416 3679 quae
1447 3600 1604 3652 sane
1648 3591 1716 3652 et
1744 3581 1963 3678 cleis,
2010 3592 2078 3652 et
2123 3582 2371 3654 vitibus
2417 3584 2634 3658 utilis-

536 3737 702 3804 sima
749 3733 1102 3829 reperitur.
1161 3735 1402 3803 Omnis
1452 3749 1674 3802 autem
1702 3831 1709 3839 x
1736 3751 1968 3829 marga
2019 3749 2206 3803 arato
2269 3730 2635 3831 injicienda

536 3901 637 3954 est
660 3937 679 3973 ‚
722 3901 802 3955 ut
844 3866 1405 3954 medicamentum
1454 3884 1755 3978 rapiatur
1784 3907 1801 3950 ε
1855 3899 1922 3952 et
1959 3883 2099 3952 fimi
2139 3884 2476 3957 desiderat
2513 3887 2634 3957 ali-

541 4033 943 4128 quantulum
966 4088 985 4122 ‚
1031 4059 1177 4128 quae
1215 4034 1433 4127 primo
1479 4031 1633 4127 plus
1666 4054 1945 4127 aspera,
1984 4050 2242 4131 ‘et-quae
2280 4037 2353 4105 in
2387 4039 2631 4108 herbas
