2941 4807
430 377 504 446 76.
870 384 939 442 C.
979 383 1219 443 PLINII
1259 383 1449 443 HIST.
1493 384 1667 441 ΝΛΤ.
1711 382 1853 445 LIB.
1881 382 2050 444 XVI.

534 829 706 896 Sunt
745 826 890 896 aliae
927 826 1264 900 naturales
1319 828 1716 923 quibusdam
1743 881 1762 919 ,
1813 845 2190 925 praeterque
2234 853 2469 898 vernas
2500 881 2522 917 ‚
2585 912 2592 919 .

433 995 578 1063 quae
615 973 749 1040 suis
789 987 1099 1041 constant
1140 973 1510 1061 sideribuS,
1552 998 1839 1067 quorum
1875 974 2050 1045 ratio
2096 973 2318 1068 aptius
2370 972 2523 1041 red·

435 1113 628 1211 detur
664 1117 863 1184 tertio
898 1116 984 1184 ab
1022 1116 1153 1185 hoc
1190 1115 1554 1186 volumine.
1595 1117 1891 1186 Hiberna
1936 1115 2192 1210 Aquilae
2242 1128 2521 1204 exortu,

435 1252 658 1327 aesti'va
711 1261 912 1328 Canis
960 1275 1113 1329 ortu
1142 1313 1162 1348 ‚
1229 1262 1424 1329 tertia
1478 1262 1770 1330 Arcturi.
1836 1265 1972 1330 Has
2023 1260 2189 1329 duas
2228 1254 2523 1354 {quidam

436 1403 746 1471 omnibus
795 1403 1148 1472 arboribus
1199 1429 1589 1473 communes
1645 1418 1890 1498 putant
1932 1427 1949 1473 t
2008 1390 2240 1472 sentiri
2273 1381 2523 1500 „autem

441 1547 729 1615 maxime
765 1549 833 1615 in
869 1547 1034 1635 ficO,
1070 1549 1238 1634 vite,
1264 1549 1572 1617 Punicis:
1610 1572 1878 1616 causam
1905 1546 2312 1634 ‘adferentem
2352 1570 2524 1639 quo·

444 1691 625 1758 niam
682 1692 752 1758 in
821 1689 1156 1759 Thessalia
1213 1690 1741 1785 Macedoniaque
1801 1688 2090 1784 plurima
2157 1705 2302 1758 tum
2359 1688 2529 1758 ficus

433 1849 642 1903 exeat.
697 1836 990 1904 Maxime
1019 1849 1242 1904 tamen
1277 1837 1347 1904 in
1387 1838 1677 1931 AEgypto
1709 1850 1982 1930 apparet
2016 1836 2158 1904 haec
2193 1836 2383 1903 ratio.
2440 1838 2528 1903 Et

435 1980 706 2075 reliquae
731 1981 1000 2075 quidem
1032 1983 1333 2069 arboreS‚
1370 1997 1447 2051 ut
1478 1984 1769 2077 primum
1808 2008 2100 2076 coepere,
2130 1983 2529 2053 continuant

439 2126 1039 2220 germinationem:
1085 2127 1334 2216 robur,
1379 2142 1443 2195 et
1486 2127 1665 2196 abies
1694 2180 1714 2214 ,
1756 2143 1822 2196 et
1861 2125 2028 2196 larix
2074 2129 2529 2201 intermittunt

439 2275 805 2376 tripartito,
839 2300 918 2347 ac
952 2290 1141 2343 terna
1172 2275 1473 2369 germina
1503 2272 1749 2343 edunt:
1786 2274 1934 2344 ideo
1976 2289 2044 2343 et
2083 2289 2186 2343 ter
2220 2298 2533 2367 squamas

441 2419 766 2488 corticum
806 2434 1135 2513 spargunt
1167 2445 1185 2488 ε
1222 2418 1403 2511 quod
1446 2420 1761 2488 omnibus
1796 2420 2147 2489 arboribus
2179 2420 2533 2514 ingemui-

440 2563 713 2631 natione
745 2564 996 2648 evenit,
1025 2562 1343 2655 quoniam
1376 2564 1873 2656 praegnantium
1908 2557 2247 2659 rumpitur
2276 2576 2527 2631 cortex.

440 2709 559 2774 Est
591 2720 810 2773 autem
841 2706 1057 2798 prima
1091 2730 1326 2774 earum
1358 2705 1717 2800 incipiente
1749 2732 1940 2793 vere,
1973 2707 2239 2775 circiter
2264 2730 2354 2775 xv
2389 2705 2530 2774 die-

448 2850 590 2917 bus.
626 2852 879 2917 lterum
908 2849 1284 2942 germinant
1324 2864 1705 2919 transeunte
1736 2852 2062 2919 Geminos
2094 2848 2251 2925 sole.
2281 2850 2390 2919 Sic
2417 2848 2531 2936 fit,

448 3008 526 3061 ut
562 2995 779 3088 prima
821 2994 1171 3065 cacumina
1208 2991 1458 3087 impelli
1493 2995 1734 3063 secutis
1776 2992 2534 3090 appareat,''geniculato

455 3141 887 3236 incremento.
925 3138 1148 3211 Tertia
1198 3152 1296 3206 est
1328 3137 1713 3205 earumdem
1756 3138 1836 3206 ad
1883 3137 2240 3207 solstitium
2282 3137 2537 3208 brevis·

447 3284 643 3369 sima,
678 3307 798 3350 nec
824 3281 1075 3353 diutius
1111 3282 1399 3373 septenis
1435 3280 1688 3348 diebus,
1720 3279 2052 3374 Clareque
2083 3296 2151 3350 et
2190 3295 2349 3372 tunc
2388 3304 2534 3349 cer-

454 3432 640 3497 nitur
687 3430 1205 3498 excrescentium
1262 3429 1688 3496 cacuminum
1732 3427 2133 3498 articulatio.
2180 3429 2355 3499 Vitis
2398 3425 2541 3497 sola

445 3576 546 3644 bis
589 3575 877 3669 parturit
908 3598 923 3640 ε
951 3586 1161 3666 quum
1187 3574 1477 3665 primum
1505 3563 1749 3640 emittit
1783 3599 2015 3642 uvam:
2054 3575 2297 3648 iterum
2329 3598 2540 3667 quum

453 3717 712 3813 digerit.
730 3804 740 3822 s
759 3720 1010 3784 Eorum
1051 3740 1198 3807 quae
1236 3735 1391 3782 non*
1414 3715 1657 3799 florent
1688 3768 1707 3801 ‚
1756 3730 1988 3809 partus
2032 3731 2296 3784 tantum
2335 3729 2437 3784 est
2475 3730 2545 3785 et

454 3861 824 3928 maturitas,
855 3857 1180 3951 Quaedam
1211 3861 1431 3936 statim
1468 3860 1536 3926 in
1565 3860 2050 3953 germinatione
2079 3859 2355 3949 florent,
2390 3885 2549 3953 pro·

449 4020 819 4099 perantque
858 4004 927 4071 in
974 4003 1101 4070 'eot
1150 4002 1264 4070 sed
1303 4016 1759 4073 maturescunt
1802 4002 2031 4092 tarde,
2077 4017 2152 4070 ut
2200 4001 2384 4070 vites.
2430 4004 2549 4069 Se·
