2941 4807
566 423 680 496 376
1007 428 1071 485 C.
1113 430 1345 488 PLINII
1385 431 1579 489 HIST.
1623 431 1799 489 NAT.
1839 430 1983 489 ΗΒ.
2007 432 2193 490 XVII.

662 1054 881 1123 Cato:
922 1081 956 1116 α
992 1054 1264 1121 Stercus
1299 1051 1482 1122 unde
1512 1051 1669 1140 fiat,
1715 1066 2120 1142 stramenta,
2161 1049 2511 1146 lupinum,
2549 1073 2668 1144 pa-

566 1192 736 1283 leaS,
786 1194 1061 1282 fabalia,
1102 1219 1180 1263 ac
1231 1193 1505 1264 frondes
1542 1193 1822 1291 iligna3‚
1853 1195 2294 1289 quernasque.
2349 1198 2410 1264 E
2444 1207 2670 1288 segete

565 1337 832 1436 evellito
859 1339 1166 1427 ebulum,
1203 1340 1524 1428 cicutam,
1552 1355 1619 1408 et
1641 1340 1894 1409 circum
1924 1339 2151 1410 salicta
2173 1340 2457 1409 herbam
2489 1363 2673 1422 mac-

563 1498 704 1556 tam
728 1519 772 1572 ,-
799 1481 1160 1577 ulvamque
1196 1509 1213 1551 ε
1264 1506 1408 1552 eam
1459 1483 1865 1552 substernito
1903 1483 2181 1572 ovibUS,
2218 1482 2675 1577 frondemque

565 1625 902 1722 putidam.
939 1627 1157 1694 Vinea
1192 1625 1248 1694 si
1278 1649 1505 1694 macra
1538 1626 1699 1713 erit,
1725 1640 2057 1695 sarmenta
2088 1650 2208 1696 sua
2241 1627 2675 1715 comburito,

563 1784 632 1841 ct
661 1765 962 1840 indidem
988 1771 1274 1839 inarato.
1302 1772 1610 1862 Itemque
1630 1768 1746 1839 uhi
1771 1778 2047 1839 saturus
2065 1770 2196 1839 eris
2216 1769 2672 1861 frumentum,

565 1943 725 1988 oves
762 1916 856 1984 ibi
895 1914 1244 1984 delectato.
1270 1941 1304 1978 »

847 2366 989 2436 Quae
1018 2378 1138 2425 sata
1164 2365 1493 2464 uberiorem
1525 2382 1736 2428 terram
1770 2371 1979 2430 faciant
2005 2392 2019 2428 z
2053 2390 2176 2447 quae
2213 2381 2396 2429 urant.

668 2564 821 2632 VII.
864 2566 1004 2636 Nec
1057 2594 1196 2639 non
1242 2584 1309 2641 et
1348 2572 1507 2639 satis
1550 2571 1953 2665 quibusdam
1996 2572 2157 2666 ipsis
2197 2573 2384 2666 pasci
2416 2583 2670 2639 terram

570 2705 753 2777 dicit.
804 2712 1106 2804 Segetem
1141 2726 1521 2782 stercorant
1561 2714 1784 2810 fruges
1812 2739 1829 2783 τ
1868 2715 2211 2810 lupinum,
2239 2714 2393 2783 faba
2414 2764 2435 2801 ,
2472 2713 2669 2783 vicia.

572 2851 763 2918 Sicut
786 2876 825 2918 e
845 2854 1183 2923 contrario
1207 2856 1417 2945 cicer,
1456 2857 1616 2951 quia
1640 2856 1929 2945 vellitur,
1962 2873 2030 2928 et
2056 2859 2214 2952 quia
2246 2855 2503 2926 salsum
2529 2871 2632 2925 est
2652 2881 2673 2922 ε

571 2994 905 3066 hordeum
925 3051 944 3087 ‚
979 2996 1206 3068 fenum
1241 3026 1533 3096 graecum
1556 3054 1576 3091 ,
1612 3026 1849 3072 ervum
1883 3028 1900 3071 ε
1943 3004 2084 3072 haec
2115 3002 2344 3071 omnia
2375 3000 2670 3097 segetem

570 3155 902 3227 exurunt,
951 3157 1016 3210 et
1049 3145 1274 3213 omnia
1307 3171 1459 3240 quae
1496 3143 1888 3215 velluntur:
1944 3143 2216 3214 nucleos
2257 3146 2331 3213 in
2374 3158 2672 3239 segetem

570 3309 656 3352 ne
698 3285 1039 3356 indideris.
1060 3288 1382 3384 Virgilius
1415 3306 1483 3361 et
1518 3290 1660 3361 lino
1702 3306 1991 3386 segetem
2031 3291 2261 3379 exuri,
2302 3305 2369 3358 et
2405 3315 2630 3359 avena
2653 3341 2675 3378 ,

574 3444 642 3497 et
673 3454 1004 3525 papavere
1037 3433 1425 3504 arbitratur.

1142 3699 1368 3770 Quibus
1401 3700 1592 3758 modis
1630 3698 1771 3757 fimo
1800 3699 2093 3756 utendum.

672 3900 856 3967 VIII.
899 3899 1153 3967 Fimeta
1187 3900 1312 3968 sub
1343 3899 1456 3968 dio
1491 3924 1787 3970 concavo
1822 3898 1971 3969 loco
1999 3952 2018 3985 ,
2055 3914 2123 3969 et
2158 3898 2277 3994 qui
2306 3899 2672 3987 humorem

578 4040 847 4136 colligat
867 4095 887 4133 ,
929 4058 1296 4135 stramento
1334 4045 1586 4128 intecta
1606 4097 1626 4132 ,
1659 4071 1746 4113 ne
1781 4046 1851 4115 in
1886 4043 2022 4114 sole
2062 4058 2404 4133 arescant,
2445 4043 2604 4142 palo
2638 4070 2675 4112 e
