2941 4807
804 709 921 814 C.
997 709 1403 814 PLINII
1469 709 2065 814 SECUNDI

410 1044 415 1047 Α
489 1018 1717 1146 HISTORIARUM
1811 1019 2383 1145 MUNDI

1106 1329 1476 1447 LIBE'R
1548 1363 1783 1447 xvl.

864 1682 867 1683 γ
952 1627 1342 1667 sltvnswutm
1378 1625 1656 1673 alumnum
1688 1625 1941 1664 NATURAE.

1306 1848 1530 1865 *0-

1131 2033 1344 2090 Gentes
1377 2031 1501 2089 sine
1533 2032 1757 2091 arbore.

398 2257 454 2324 1.
508 2201 985 2330 Portu-'Eam
1032 2254 1305 2324 arbores
1331 2307 1350 2344 ‚
1383 2279 1663 2353 quaeque
1696 2256 2077 2326 mitioribus
2120 2257 2333 2326 succis
2373 2282 2494 2326 vo-

404 2399 736 2496 luptatem
767 2402 997 2496 primae
1030 2400 1194 2469 cibis
1226 2397 1637 2487 attulerunt,
1675 2416 1745 2471 et
1774 2400 2142 2474 necessario
2174 2389 2496 2472 alimento

406 2544 677 2624 delicias
713 2546 992 2614 miscere
1034 2543 1410 2616 docuerunt
1432 2596 1454 2635 ‚
1493 2546 1631 2614 sive
1671 2543 1798 2615 illae
1829 2544 2040 2633 ultro,
2080 2546 2215 2614 sive
2251 2546 2335 2614 ab
2370 2545 2495 2615 ho-

406 2689 588 2757 mine
642 2686 935 2789 didicere
979 2687 1261 2757 blandos
1313 2659 1583 2783 sabores
1622 2688 1983 2783 adoptione
2016 2704 2084 2758 et
2123 2690 2498 2780 connubio,

409 2831 610 2925 idque
651 2833 913 2903 munus
939 2833 1136 2901 etiam
1177 2832 1357 2924 feris!
1374 2831 1895 2927 volucribusque
1943 2832 2281 2924 dedimus,
2322 2836 2499 2905 intra

408 2977 761 3072 praedictas
799 2990 1129 3047 constant.
1170 2978 1562 3046 Proximum
1606 2992 1751 3046 erat
1790 3003 2060 3048 narrare
2099 2977 2499 3074 glandiferas

414 3145 725 3216 quoque,
767 3146 913 3216 quae
939 3122 1173 3216 primae
1202 3122 1456 3190 victum
1492 3118 1876 3190 mortalium
1912 3121 2250 3213 aluerunt,
2285 3126 2501 3194 nutri-

413 3290 522 3334 ces
559 3266 776 3360 inopis
813 3289 893 3333 ac
926 3264 1081 3333 ferae
1116 3265 1312 3334 sortis
1338 3317 1357 3354 ,
1400 3266 1470 3333 ni
1504 3267 1815 3361 praeverti
1847 3282 2117 3362 cogeret
2151 3268 2500 3338 admiratio

413 3435 542 3480 usu
574 3426 921 3505 comperta
940 3462 959 3499 ‚
996 3434 1299 3504 quaenam
1327 3408 1675 3504 qualisque
1698 3426 1868 3480 esset
1902 3413 2033 3481 vita
2052 3465 2071 3500 ‚
2098 3414 2239 3483 sine
2265 3415 2501 3486 arbore

415 3556 549 3627 ulla
573 3609 591 3645 ‚
635 3558 780 3626 siue
813 3556 1055 3627 frutice
1088 3557 1481 3626 viventium.

524 3920 549 3964 1
566 3949 581 3963 .
609 3894 918 3964 Diximus
945 3907 1010 3962 et
1039 3894 1107 3962 in
1138 3893 1420 3963 Oriente
1447 3891 1723 3987 quidem
1744 3894 1937 3988 juxta
1960 3898 2304 3966 Oceanum
2334 3923 2508 3968 com-

415 4038 640 4136 plures
678 4065 755 4110 ea
783 4040 852 4107 in
884 4040 1269 4109 necessitate
1292 4053 1544 4133 gentes,
1579 4041 1752 4108 Sunt
1777 4064 1938 4109 vero
1965 4039 2032 4111 in
2062 4046 2509 4138 septentrione

1269 4333 1303 4356 '⁸
1390 4341 1504 4392 ’.ζμ

1254 4392 1313 4438 2:
1336 4405 1349 4430 ⁴.
1408 4405 1418 4416 ·
