2941 4807
536 430 650 500 342
992 437 1057 492 C.
1097 437 1333 492 PLINII
1374 436 1565 492 1:118‘1'.
1610 435 1780 491 NAT.
1824 436 1963 491 LIB.
1992 436 2178 491 XVII.

531 558 710 627 bana
734 558 961 630 fructu
984 585 1212 630 annuo
1244 558 1513 630 addicto
1536 561 1713 630 binis
1739 559 2035 631 millibus
2067 585 2417 631 nummum
2445 585 2461 629 ε
2490 585 2633 628 ma·

529 702 679 794 jore
710 702 1125 798 singularum
1161 703 1418 793 reditu,
1459 730 1661 798 quam
1699 721 1845 776 erat
1877 705 2055 802 apud
2095 707 2406 799 antiquos
2458 731 2631 799 prae-

533 842 821 913 diorum.
878 845 989 915 Ob
1031 845 1162 915 hoc
1205 847 1404 916 insita
1428 898 1447 935 ,
1498 861 1565 916 et
1622 848 1940 917 arborum
1978 873 2249 942 quoque
2296 846 2631 917 adulteria

534 990 906 1085 excogitata
944 1005 1143 1080 sunt,
1187 1007 1263 1060 ut
1313 1016 1437 1060 nec
1477 1017 1677 1086 poma
1724 992 2129 1087 pauperibus
2167 1007 2628 1061 nascerentur.

531 1132 737 1201 Nunc
774 1157 934 1228 ergo
970 1133 1301 1222 dicemus,
1341 1160 1479 1228 quo
1517 1100 1806 1205 maxime
1845 1135 2047 1206 modo
2091 1150 2355 1205 tantum
2404 1160 2488 1204 ex
2523 1136 2637 1204 his

529 1273 812 1370 vectigal
851 1277 1238 1372 contingat,
1277 1302 1507 1347 veram
1548 1276 1812 1347 colendi
1847 1278 2174 1347 rationem
2212 1276 2630 1347 absolutam-

530 1443 662 1512 que
683 1419 1035 1514 prodituri.
1069 1424 1157 1490 Et
1185 1420 1338 1489 ideo
1364 1447 1502 1490 non
1534 1419 1806 1517 vulgata
1830 1422 2297 1509 tractabimus,
2330 1447 2454 1491 nec
2477 1449 2637 1516 quae

530 1579 836 1635 constare
875 1564 1513 1655 animadvertimus,
1555 1565 1670 1634 sed
1718 1566 1971 1635 incerta
2005 1580 2208 1659 atque
2254 1566 2497 1654 dubia,
2557 1568 2633 1635 in

530 1711 776 1805 quibus
808 1712 1096 1780 maxime
1128 1708 1382 1780 fallitur
1415 1713 1573 1780 vita.
1614 1713 1790 1783 Nam
1828 1709 2245 1806 diligentiam
2278 1711 2349 1780 in
2384 1736 2629 1807 super-

529 1852 757 1924 vacuis
789 1853 1161 1939 adfectare,
1199 1880 1338 1924 non
1368 1869 1676 1925 nostrum
1710 1869 1831 1925 est.
1870 1857 2046 1925 Ante
2084 1854 2311 1925 omnia
2352 1856 2422 1923 in
2467 1859 2628 1926 uni-

530 1986 795 2068 versum
815 2050 836 2088 ,
864 2012 931 2069 et
966 2023 1116 2093 quae
1150 1998 1237 2068 ad
1270 2015 1516 2069 cuncta
1547 1999 1869 2070 arborum
1903 2024 2149 2095 genera
2174 2000 2523 2095 pertinent
2551 2003 2626 2069 in

531 2165 887 2210 commune
911 2192 931 2228 ,
970 2140 1055 2209 de
1088 2139 1250 2210 caelo
1284 2156 1597 2236 terraque
1636 2142 1955 2210 dicemus,

562 2760 695 2817 Caeli
737 2772 938 2819 natura
985 2765 1060 2819 ad
1105 2766 1340 2822 arbores
1371 2786 1385 2820 t
1437 2785 1610 2840 quam
1655 2778 1876 2841 partem
1926 2767 2046 2823 eaeli
2091 2777 2344 2841 spectare
2401 2767 2589 2824 vineae

1442 2860 1710 2920 debeant.

620 3081 708 3149 11.
737 3106 803 3150 a.
838 3082 1172 3178 Aquilone
1194 3087 1481 3156 maxime
1511 3085 1844 3180 gaudent,
1881 3086 2217 3158 densiores
2250 3088 2332 3157 ab
2362 3086 2618 3156 adflatu

527 3215 669 3308 ejus
704 3215 1157 3315 laetioresque,
1199 3237 1268 3292 et
1301 3225 1594 3293 materiae
1632 3224 1965 3294 firmioris.
2002 3228 2157 3316 Qua
2197 3226 2267 3293 in
2303 3249 2376 3292 re
2411 3221 2618 3317 pleri-

527 3377 659 3446 que
700 3354 1057 3448 falluntur,
1106 3385 1316 3454 quum
1375 3362 1445 3430 in
1497 3363 1709 3431 vineis
1759 3361 2152 3456 pedamenta
2209 3386 2344 3430 non
2387 3361 2524 3429 sint
2580 3386 2619 3430 a

526 3506 725 3561 vento
758 3516 838 3562 eo
871 3498 1316 3590 opponenda,
1372 3515 1439 3568 et
1483 3499 1550 3568 id
1593 3514 1855 3570 tantum
1897 3526 1936 3569 a
1975 3500 2429 3595 septentrione
2479 3525 2621 3568 ser·

530 3629 842 3700 vandum.
865 3634 1050 3722 Quin
1086 3636 1291 3704 immo
1315 3639 1709 3733 tempestiva
1736 3636 1987 3734 frigora
2010 3638 2381 3735 plurimum
2420 3640 2621 3722 arbo-

529 3789 680 3835 rum
719 3767 1016 3840 firmitati
1046 3772 1399 3841 conferunt
1421 3826 1439 3862 ,
1480 3789 1550 3844 et
1585 3774 1678 3844 sic
1708 3776 1959 3870 optime
1995 3777 2419 3871 germinant:
2457 3775 2625 3850 alio-

529 3906 676 3998 qui,
704 3907 759 3975 si
790 3905 1225 3979 blandiantur
1243 3912 1519 3997 Austri,
1544 3912 2038 4003 defatiscenteS,
2062 3938 2140 3983 ac
2170 3915 2380 4010 magis
2415 3915 2620 3984 etiam

530 4041 601 4112 in
637 4043 819 4115 flore.
862 4047 1036 4118 Na'm
1076 4047 1165 4136 si,
1202 4073 1413 4143 quum
1443 4049 1855 4140 defloruere,
1891 4053 2201 4147 protinus
2242 4066 2622 4147 sequuntur
