2941 4807
477 409 552 470 42
941 405 1004 461 c,
1045 405 1283 463 PLINn
1323 372 1727 464 msTfNA‘r.
1771 407 1914 464 Lm.
1948 409 2104 482 xvi.

479 528 671 624 Syria
706 528 1007 600 cedrium
1048 548 1370 602 vocatur:
1397 535 1508 603 cui
1545 549 1735 604 tanta
1770 536 1868 604 vis
1902 550 2002 604 est
2023 589 2042 623 ‚
2080 550 2155 604 ut
2185 537 2255 603 in
2282 536 2573 630 AEgypto

478 699 760 770 corpora
796 678 1152 747 hominum
1178 679 1649 749 defunctorum
1681 703 1762 749 eo
1800 680 2069 777 perfusa
2099 695 2466 751 serventur.

1051 1110 1276 1182 Quibus
1308 1111 1498 1168 modis
1527 1098 1713 1186 spissas
1735 1112 1838 1187 pix
1872 1110 1989 1168 fiat.

572 1286 796 1355 XXII.
847 1287 1144 1380 Sequens
1193 1286 1419 1380 liquor
1446 1340 1466 1374 ,
1522 1288 1808 1357 crassior
1840 1289 2012 1382 jam,
2057 1288 2272 1383 picem
2323 1286 2564 1357 fundit.

473 1408 632 1519 Haec
663 1455 897 1499 rursus
929 1431 999 1499 in
1033 1432 1328 1500 cortinas
1360 1456 1560 1501 aereas
1596 1433 1936 1525 conjecta,
1973 1447 2162 1502 aceto
2203 1432 2563 1527 spissatur:

476 1586 543 1641 et
579 1571 927 1667 coagulata
967 1575 1215 1643 Brutiae
1253 1598 1629 1669 cognomen
1666 1575 1958 1668 accepit,
1991 1572 2185 1643 doliis
2224 1572 2570 1642 dumtaxat

477 1715 786 1809 vasisque
827 1716 1063 1784 ceteris
1110 1713 1294 1784 utilis
1324 1706 1353 1804 ,²
1402 1714 1657 1784 lentore
1714 1714 1798 1783 ab
1840 1712 1973 1784 alia
2018 1715 2165 1809 pice
2205 1714 2562 1783 differens:

474 1858 636 1928 item
673 1858 896 1929 colore
930 1857 1279 1948 rutilante,
1318 1876 1387 1929 et
1419 1858 1602 1954 quod
1625 1861 1941 1956 pinguior
1973 1873 2072 1928 est
2103 1858 2378 1953 reliqua.
2404 1860 2569 1928 Om-

476 2003 587 2070 nia
626 2000 741 2071 illa
776 2003 951 2072 fiunt
981 2027 1018 2071 e
1066 2004 1294 2097 picea,
1347 2006 1566 2075 resina
1621 2003 2032 2073 ferventibus
2085 2017 2274 2071 cocta
2332 2000 2571 2096 lapidi-

473 2144 631 2232 buS,
666 2145 736 2212 in
770 2143 974 2213 alveis
1010 2144 1216 2213 validi
1247 2138 1548 2214 roboris:
1580 2158 1698 2214 aut
1727 2145 1781 2213 si
1806 2143 1977 2213 alvei
2009 2169 2148 2213 non
2175 2145 2339 2231 sint,
2367 2145 2567 2213 struis

475 2258 822 2382 congerie,
856 2284 1043 2357 velut
1075 2289 1145 2356 in
1185 2288 1496 2357 carbonis
1533 2312 1682 2356 usu.
1717 2291 1874 2356 Haec
1906 2288 1978 2354 in
2014 2287 2248 2356 vinum
2275 2286 2566 2376 additur,

473 2432 703 2503 farinae
726 2433 931 2530 modo
955 2447 1131 2524 tusa,
1173 2434 1432 2529 nigrior
1470 2431 1716 2502 colore.
1753 2433 2011 2503 Eadem
2052 2434 2272 2502 resina
2312 2434 2367 2502 si
2412 2457 2568 2501 cum

478 2603 654 2674 aqua
693 2576 904 2646 levius
943 2577 1356 2671 decoquatur
1389 2576 1778 2672 coleturque
1798 2631 1818 2668 ,
1865 2577 2018 2647 rufo
2057 2577 2283 2676 colore
2322 2577 2569 2647 lentes-

477 2722 609 2810 cit,
656 2746 732 2790 ac
768 2717 1094 2790 stillatitia
1119 2735 1418 2789 vocatur.
1455 2724 1892 2815 Seponuntur
1924 2735 2148 2789 autem
2198 2721 2284 2791 ad
2334 2720 2403 2790 id
2435 2721 2573 2791 fere

478 2866 644 2936 vitia
711 2866 946 2934 resinae
1008 2878 1386 2959 cortexque.
1448 2864 1605 2935 Alia
1664 2865 2014 2959 temperies
2064 2865 2151 2934 ad
2202 2863 2567 2961 crapulam.

479 3012 790 3104 Namque
837 3008 961 3077 flos
1013 3008 1261 3078 crudus
1313 3010 1549 3077 resinae
1577 3062 1596 3098 ,
1649 3034 1805 3078 cum
1855 3007 2088 3078 multa.
2120 3007 2338 3078 assula
2386 3011 2571 3078 tenui

477 3156 797 3249 brevique
842 3152 1149 3243 avulsuS,
1192 3155 1573 3224 conciditur
1611 3154 1698 3224 ad
1737 3154 1939 3225 cribri
1975 3155 2238 3224 minuta
2262 3206 2282 3243 ,
2331 3133 2571 3223 deinde

474 3301 760 3371 ferventi
802 3325 978 3396 aqua
1004 3351 1024 3388 ,
1079 3298 1292 3367 donec
1324 3314 1689 3392 coquatur,
1721 3301 2168 3395 perfunditur.
2205 3303 2427 3396 Hujus
2458 3327 2572 3370 ex-

477 3470 781 3543 pressum
832 3448 1082 3540 pingue
1107 3496 1126 3531 ,
1169 3444 1507 3538 praecipua
1543 3445 1764 3514 resina
1804 3445 1922 3534 fit,
1969 3460 2168 3541 atque
2200 3471 2392 3536 rara,
2446 3471 2570 3516 nec

480 3592 610 3660 nisi
654 3591 884 3684 paucis
933 3590 1003 3657 in
1037 3585 1202 3657 locis
1233 3585 1619 3683 Subalpinae
1648 3590 1892 3679 Italiae,
1927 3591 2331 3659 conveniens
2363 3589 2572 3660 medi-

483 3736 598 3804 cis.
643 3736 900 3806 Resinae
931 3733 1102 3804 albae
1155 3737 1469 3831 congium
1504 3737 1575 3803 in
1612 3734 1875 3804 duobus
1931 3760 2119 3830 aquae
2169 3705 2415 3830 pluviae
2456 3759 2572 3804 co-

480 3896 720 3977 quunt.
753 3880 886 3952 Alii
932 3881 1162 3951 utilius
1197 3896 1442 3977 putant
1476 3881 1619 3950 sine
1668 3906 1844 3983 aqua
1882 3904 2167 3975 coquere
2201 3880 2381 3949 lento
2419 3881 2576 3974 igne

482 4047 624 4101 tota
656 4030 763 4102 die
787 4082 809 4120 ,
848 4032 1080 4127 utique
1131 4054 1281 4101 vase
1313 4030 1461 4098 aeris
1517 4027 1674 4098 albi.
1715 4030 1887 4097 Item
1930 4027 2448 4098 terebinthinam
2502 4027 2575 4094 in
