2941 4807
545 441 664 501 360
976 442 1039 499 G.
1077 444 1317 499 PLINII
1353 442 1549 501 HIST.
1585 444 1765 499 NAT.
1804 444 1946 499 LIB.
1984 440 2174 499 XVII.

642 807 708 880 5.
752 815 1032 880 Terram
1078 836 1373 881 amaram
1402 865 1422 900 ,
1472 813 1610 881 sive
1659 836 1954 880 macram
1979 864 1996 899 ,
2045 813 2102 881 si
2146 810 2297 905 quis
2348 811 2647 904 probare

544 951 704 1022 velit
724 1005 743 1041 ,
776 926 1237 1023 demonstrant
1269 976 1379 1023 eas
1414 966 1576 1024 atrae
1612 953 2102 1050 degeneresque
2136 954 2362 1023 herbae
2390 979 2409 1022 t
2445 953 2641 1048 frigi-

545 1097 697 1167 dam
749 1113 972 1168 autem
997 1151 1019 1187 ,
1078 1098 1404 1169 retorride
1447 1115 1625 1169 nata.
1669 1102 1839 1168 Item
1890 1096 2324 1194 uliginosam,
2379 1100 2646 1181 tristia:

543 1242 879 1313 rubricam
910 1242 1115 1333 oculi,
1140 1242 1617 1343 argi-llamque,
1644 1245 1834 1338 operi
1865 1207 2325 1333 difficillimas,
2354 1267 2644 1345 quaeque

544 1402 796 1459 rastros
823 1412 902 1461 ac
929 1411 1235 1463 vomeres
1256 1387 1637 1482 ingentibus
1656 1384 1871 1480 glebis
1886 1401 2199 1463 onerent:
2223 1410 2643 1482 quamquam

543 1558 685 1605 non
734 1533 919 1627 quod
961 1535 1204 1628 operi,
1259 1533 1390 1605 boc
1435 1548 1507 1602 et
1542 1498 1810 1602 'fructui
1851 1533 1938 1602 sit
1973 1531 2348 1602 adversum.
2389 1536 2571 1603 Item
2605 1557 2653 1602 e

544 1680 883 1749 contrario
923 1680 1333 1748 cineraceam
1358 1730 1377 1766 ,
1420 1690 1489 1747 et
1535 1646 1842 1748 sabulum
1883 1676 2130 1746 album.
2183 1679 2360 1748 Nam
2396 1676 2648 1746 sterilis

548 1821 755 1891 densa
798 1818 970 1893 callo
1002 1822 1191 1894 facile
1226 1818 1774 1918 deprehenditur,
1806 1820 1911 1891 vel
1951 1847 2091 1891 uno
2131 1823 2266 1890 ictu
2319 1822 2644 1918 cuspidis.

548 1966 718 2036 Cato
741 1966 1033 2035 breviter
1061 1981 1264 2060 atque
1295 1991 1377 2035 ex
1404 1991 1526 2035 suo
1549 1990 1737 2034 more
1760 1966 1925 2039 vitia
1946 1964 2383 2037 determinat:
2419 1994 2455 2029 (τ
2477 1970 2647 2035 Ter·

547 2134 700 2185 ram
736 2111 1062 2183 cariosam
1092 2135 1251 2187 cave
1300 2134 1466 2179 neve
1506 2107 1849 2204 plaustro,
1898 2134 2065 2179 neve
2111 2112 2350 2204 pecore
2402 2108 2651 2203 impel-

547 2254 712 2335 las.»
746 2255 934 2345 Quid
959 2272 1274 2352 putamus
1303 2256 1429 2329 hac
1451 2252 1905 2350 appellatione
1922 2255 2005 2325 ab
2035 2279 2123 2326 eo
2142 2268 2499 2349 tantopere
2530 2278 2646 2323 re·

547 2400 933 2491 formidari,
974 2417 1054 2475 ut
1084 2426 1272 2495 paene
1316 2401 1613 2498 vestigiis
1651 2425 1926 2495 quoque
1966 2398 2373 2470 interdicat?
2427 2399 2643 2469 Redi-

550 2571 783 2644 gamus
817 2546 913 2638 ad,
940 2546 1102 2643 ligni
1141 2552 1417 2633 cariem,
1462 2564 1529 2618 et
1558 2533 1968 2616 inveniemus
2003 2543 2115 2614 illa
2139 2597 2158 2633 ,
2198 2570 2348 2639 quae
2376 2547 2447 2613 in
2488 2561 2641 2614 tan-

549 2707 693 2760 tum
725 2693 1172 2780 abominatur,
1210 2692 1399 2778 vitia,
1439 2688 2031 2779 aridae,'fistulosae
2051 2744 2073 2779 ,1
2106 2690 2384 2777 scabrae,
2409 2715 2644 2759 canes-

553 2835 760 2906 centis
777 2887 797 2922 ,
822 2859 1062 2921 exesae,
1087 2849 1156 2904 et
1181 2836 1565 2931 pumicosae..
1589 2833 1748 2910 Plus
1775 2835 1941 2910 dixit
1961 2860 2095 2908 una
2124 2835 2643 2929 significatione,

554 3004 758 3074 quam
812 2981 1024 3076 possit
1078 2978 1214 3054 ulla
1265 2982 1460 3076 copia
1507 2981 1841 3056 sermonis
1896 2981 2215 3050 enarrari.
2281 2984 2404 3056 Est
2454 2981 2642 3048 enim

477 3190 482 3196 .
552 3126 1106 3220 interpretatione
1129 3125 1447 3195 vitiorum
1478 3124 1812 3218 quaedam,
1840 3149 1977 3193 non
2004 3138 2203 3193 aetate
2230 3126 2425 3219 (quae
2452 3121 2641 3193 nulia

551 3273 624 3339 in
671 3294 748 3340 ea
790 3269 1075 3366 intelligi
1117 3268 1419 3364 potest),
1459 3268 1577 3338 sed
1616 3282 1856 3339 natura
1885 3295 2004 3338 sua
2027 3322 2046 3358 ,
2083 3296 2253 3348 anus
2305 3284 2530 3339 terrai
2570 3284 2640 3337 et

552 3413 704 3484 ideo
735 3415 1088 3486 infecunda
1130 3413 1218 3484 ad
1250 3416 1519 3503 omnia,
1544 3430 1745 3512 atque
1780 3414 2139 3492 imbecilla.

648 3783 832 3853 Idem
876 3809 1108 3877 agrum
1149 3784 1479 3882 optimum
1515 3784 1773 3880 judicat
1826 3782 1910 3852 ad
1957 3782 2248 3854 radicem
2307 3783 2648 3851 montium

553 3922 840 4017 planitie
880 3925 950 3996 in
993 3922 1340 3998 meridiem
1388 3936 1783 3998 excurrente
1804 3974 1823 4007 ‚
1877 3921 1990 4014 qui
2030 3933 2129 3990 est
2174 3920 2377 3997 totius
2430 3916 2648 3994 Italiae

555 4062 718 4132 situs
747 4087 762 4129 ε
802 4078 1048 4134 terram
1074 4087 1236 4136 vero
1275 4077 1569 4134 teneram
1604 4085 1751 4157 quae
1779 4074 2056 4134 vocetur
2088 4057 2293 4154 pulla.
2328 4058 2474 4128 Erit
2513 4057 2647 4151 igi·
