2941 4807
493 416 567 475 So
989 422 1052 475 C.
1093 421 1328 477 PLINII
1369 420 1561 477 HIST.
1604 421 1773 477 NAT.
1816 422 1955 477 LIB.
1980 421 2139 495 XVI,

1286 1050 1448 1108 Tiliae
1482 1067 1690 1125 genera
1724 1069 1790 1107 11.

490 1269 497 1278 ’
588 1273 804 1344 XXV.
842 1278 947 1361 14.
972 1276 1059 1343 In
1093 1270 1238 1342 tilia
1270 1297 1412 1343 mas
1442 1288 1512 1343 et
1530 1272 1779 1343 femina
1803 1271 2125 1345 differunt
2151 1275 2336 1342 omni
2362 1271 2582 1343 modo,

494 1416 806 1511 Namque
840 1431 908 1487 et
941 1419 1248 1487 materies
1283 1418 1454 1487 mari
1477 1416 1696 1506 dura,
1744 1417 2091 1512 rufiorque
2110 1470 2130 1508 ‚
2166 1441 2244 1487 ac
2291 1418 2544 1487 nodosa
2566 1469 2585 1504 ,

499 1574 568 1629 et
607 1558 969 1631 odoratior.
1014 1564 1264 1632 Cortex
1303 1585 1572 1656 quoque
1619 1560 1901 1630 crassior
1920 1611 1939 1648 ,
1984 1585 2061 1629 ac
2100 1561 2437 1630 detractus
2474 1562 2582 1630 in-

491 1701 818 1774 flexibilis.
855 1704 1000 1776 Nec
1043 1729 1266 1773 semen
1318 1703 1448 1773 fert
1474 1756 1492 1792 ‚
1538 1717 1654 1772 aut
1694 1702 1927 1773 florem
1951 1754 1971 1791 ‚
2012 1718 2090 1773 ut
2121 1702 2399 1790 femina,
2440 1724 2589 1799 quae

493 1850 784 1918 crassior
813 1848 1054 1919 arbore
1075 1900 1096 1933 ,
1131 1848 1407 1917 materie
1440 1846 1724 1916 candida
1749 1844 2266 1942 praecellensque
2298 1862 2417 1918 est.
2453 1850 2588 1918 Mi-

492 2018 644 2063 rum
678 1995 752 2063 in
787 1994 916 2063 hac
950 1994 1221 2079 arbore,
1248 1976 1548 2063 fructum
1576 2016 1616 2060 a
1647 1989 1835 2060 nullo
1867 1990 2259 2062 animalium
2290 1993 2583 2088 adtingi:

493 2135 811 2206 foliorum
838 2137 1240 2232 corticisque
1272 2159 1713 2206 succumesse
1739 2132 2023 2205 dulcem.
2052 2139 2238 2206 Inter
2273 2138 2590 2207 corticem

493 2305 571 2350 ac
594 2278 861 2377 ‘lignum
893 2294 1128 2350 tenues
1159 2279 1404 2349 tunicae
1437 2275 1794 2372 multiplici
1829 2279 2251 2370 membrana,
2287 2306 2325 2351 e
2346 2282 2589 2376 quihus

492 2425 764 2498 vincula
791 2477 811 2514 ‚
869 2424 1028 2495 tiliae
1082 2440 1410 2495 vocantur
1451 2450 1468 2492 :
1536 2424 1937 2495 tenuissimae
1981 2451 2215 2496 earum
2266 2426 2545 2524 philyrae
2566 2482 2586 2518 ‚

492 2595 895 2642 coronarum
929 2569 1263 2641 lemniscis
1298 2567 1591 2639 celebres
1610 2621 1630 2658 ‚
1660 2570 2093 2665 antiquorum
2125 2571 2406 2643 honore.
2445 2575 2592 2643 Ma-

493 2716 692 2785 teries
721 2712 1087 2784 teredinem
1111 2739 1251 2784 non
1278 2714 1480 2783 sentit
1494 2765 1514 2803 ‚
1538 2715 1942 2807 proceritate
1963 2739 2286 2810 perquam
2306 2716 2589 2807 modica,

492 2882 728 2927 verum
759 2856 966 2928 utilis,

1275 3238 1476 3296 Aceris
1506 3257 1716 3314 genera
1749 3259 1806 3295 x.

587 3466 841 3535 XXVI.
887 3460 991 3534 15.
1037 3465 1210 3533 Acer
1243 3461 1542 3556 ejusdem
1569 3461 1710 3531 fere
1745 3461 2208 3555 amplitudinis
2231 3515 2251 3551 ‚
2303 3490 2580 3560 operum

492 3608 824 3704 elegantia
862 3632 941 3677 ac
979 3604 1345 3676 subtilitate
1381 3606 1552 3675 citro
1596 3604 1983 3676 secundum.
2023 3606 2225 3679 Plura
2281 3610 2422 3704 ejus
2470 3636 2582 3707 ge-

492 3777 673 3822 nera.
708 3750 956 3822 Album
989 3749 1172 3844 quod
1207 3750 1526 3845 praecipui
1558 3749 1901 3836 candoriS‚
1936 3765 2216 3821 vocatur
2244 3752 2581 3826 Gallicum

491 3898 563 3966 in
591 3893 1067 3991 Transpadana
1095 3892 1290 3964 Italia
1307 3945 1327 3983 ,
1362 3907 1680 3988 transque
1717 3891 1913 3988 Alpes
1948 3920 2241 3966 nascens.
2278 3896 2583 3969 Alterum

491 4064 700 4135 genus
741 4039 964 4134 crispo
1017 4036 1430 4109 macularum
1467 4035 1767 4107 discursu
1793 4090 1813 4121 .,
1856 4038 1972 4131 qui
2009 4062 2219 4131 quum
2259 4041 2584 4113 excellen-
