2941 4807
496 432 573 493 38
964 441 1028 497 C.
1069 441 1305 498 PLINII
1342 441 1540 499 ms'r.
1582 443 1757 499 NAT.
1797 444 1938 500 LIB.
1966 443 2131 501 XVI.

494 563 702 632 Larix
720 564 887 634 ustis
905 565 1245 636 radicibus
1273 590 1409 635 non
1441 564 1840 660 repullulat,
1872 562 2491 662 picearepullulat,
2522 579 2598 635 ut

496 708 568 776 in
607 709 827 779 Lesbo
854 710 1127 800 accidit,
1159 711 1435 780 incenso
1467 735 1741 780 nemore
1770 711 2105 805 Pyrrhaeo,

522 1154 531 1165 x
600 1078 753 1150 Alia
807 1082 1178 1151 etiamnum
1240 1084 1601 1179 generibus
1653 1084 1813 1179 ipsis
1859 1083 1931 1152 in
1990 1107 2151 1156 sexu
2199 1081 2599 1151 differentia.

503 1232 654 1299 Mas
685 1231 957 1299 brevior
992 1244 1061 1304 et
1102 1227 1383 1302 durior
1432 1233 1682 1304 femina
1721 1233 2098 1329 procerior,
2130 1231 2600 1329 pinguioribus

503 1378 682 1450 foliis
724 1395 793 1450 et
825 1379 1240 1478 simplicibus
1280 1398 1481 1479 atque
1517 1410 1656 1454 non
1698 1384 2093 1480 rigentibus.
2131 1384 2429 1479 Lignum
2463 1407 2602 1451 ma-

505 1530 695 1601 ribus
744 1529 992 1600 durum
1015 1584 1034 1617 ,
1094 1546 1164 1601 et
1221 1531 1291 1599 in
1327 1531 1551 1602 fabrili
1588 1559 1793 1628 opere
1847 1547 2285 1603 contortum:
2338 1531 2605 1601 feminae

508 1679 779 1751 mollius
804 1734 824 1770 ‚
879 1682 1151 1777 publico
1200 1684 1586 1754 discrimine
1634 1683 1704 1752 in
1754 1683 2121 1752 securibus,
2167 1687 2285 1752 Hae
2330 1683 2399 1750 in
2440 1707 2606 1777 quo-

510 1853 799 1925 cumque
830 1856 1073 1925 genere
1101 1831 1615 1927 deprehendunt
1650 1857 1906 1901 marem
1934 1857 1950 1900 :
1985 1833 2234 1926 quippe
2273 1855 2603 1926 respuun-

513 1993 648 2068 tur,
687 1994 754 2048 et
792 1978 1119 2075 fragosius
1162 1980 1423 2070 sidunt,
1464 1981 1705 2075 aegrius
1743 1978 2175 2053 revelluntur.
2211 1946 2367 2075 Ipsa
2401 1993 2608 2048 mate-

512 2132 643 2200 ries
675 2131 1006 2201 retorrida
1028 2185 1047 2220 ,
1085 2147 1154 2200 et
1195 2132 1452 2226 nigrior
1491 2131 1790 2200 maribus
1820 2129 2033 2200 radix.
2068 2131 2266 2201 Circa
2300 2127 2490 2199 Idam
2534 2130 2607 2197 in

513 2281 779 2351 Troade
813 2297 881 2352 et
920 2281 1047 2352 alia
1092 2282 1469 2352 differentia
1508 2297 1646 2369 est,
1681 2295 2017 2351 montanae
2042 2332 2061 2369 ,
2099 2280 2603 2372 maritimaeque.

514 2435 692 2504 Nam
729 2436 800 2501 in
841 2429 1239 2502 Maeedonia
1277 2447 1346 2501 et
1385 2431 1677 2502 Arcadia
1700 2482 1721 2515 ‚
1757 2432 2068 2524 circaque
2104 2428 2257 2499 Elin
2280 2482 2299 2519 ,
2336 2455 2608 2525 permu-

515 2598 664 2652 tant
707 2583 979 2651 nomina
1001 2634 1020 2671 ,
1070 2607 1191 2651 nec
1229 2595 1494 2651 constat
1528 2581 1915 2651 auctoribus
1945 2632 1965 2669 ,
2008 2578 2191 2673 quod
2223 2580 2463 2673 cuique
2500 2604 2610 2675 ge-

518 2733 664 2801 neri
704 2731 1092 2800 adtribuant
1124 2756 1142 2799 :
1193 2755 1317 2799 nos
1355 2730 1483 2799 ista
1523 2754 1805 2799 romano
1850 2729 2292 2799 discernimus
2334 2729 2612 2824 judicio·

519 2884 721 2953 Abies
762 2908 799 2951 e
835 2882 1095 2951 cunctis
1132 2878 1547 2976 amplissima
1588 2896 1687 2951 est
1722 2933 1742 2970 ,
1800 2895 1868 2950 et
1914 2879 2163 2948 femina
2206 2879 2411 2949 etiam
2456 2905 2615 2974 pro—

521 3031 772 3102 lixior:
816 3032 1094 3101 materie
1147 3027 1416 3099 mollior
1469 3029 1874 3124 utiliorque,
1928 3028 2168 3098 arbore
2218 3027 2611 3117 rotundior,

522 3184 685 3254 folio
719 3186 1000 3280 pinnato
1036 3184 1240 3253 densa
1269 3235 1290 3271 ,
1330 3197 1409 3251 ut
1441 3181 1687 3250 imbres
1724 3206 1862 3249 non
1895 3180 2304 3250 transmittat
2332 3233 2353 3269 ,
2412 3195 2616 3273 atque

522 3332 801 3403 hilarior
837 3334 908 3400 in
945 3346 1183 3401 totum.
1207 3335 1266 3401 E
1293 3334 1497 3400 ramis
1528 3355 1845 3425 generum
1872 3330 2121 3399 horum
2150 3327 2614 3424 panicularum

524 3483 727 3552 modo
757 3452 1159 3550 nucamenta
1192 3482 1591 3574 squamatim
1623 3494 1969 3574 compacta
2009 3478 2417 3572 dependent,
2451 3449 2619 3574 prae·

527 3648 834 3726 terquam
868 3629 1075 3699 larici.
1110 3633 1268 3699 Haec
1304 3630 1538 3698 abietis
1572 3626 1881 3698 masculae
1904 3680 1923 3714 ,
1957 3628 2238 3722 primori
2265 3642 2455 3721 parte
2490 3653 2617 3696 nu-

527 3780 705 3851 cleos
740 3779 994 3848 habent
1029 3804 1046 3847 z
1089 3804 1225 3847 non
1266 3778 1427 3847 item
1463 3777 1745 3846 feminae.
1787 3776 1997 3845 Piceae
2031 3800 2192 3844 vero
2232 3776 2389 3845 totis
2425 3775 2620 3870 pani-

532 3929 699 4000 culis
719 3981 739 4018 ,
781 3928 1161 3997 minoribus·
1194 3896 1793 4022 gracilioribusque
1819 3976 1840 4012 ,
1889 3926 2201 3994 minimos
2251 3950 2329 3994 ac
2367 3925 2619 4019 nigros.

530 4084 812 4175 Propter
852 4078 1033 4175 quod
1075 4076 1295 4148 Graeci
1329 4075 1869 4171 phthirophoron
1923 4098 2073 4143 eam
2131 4072 2491 4169 appellant.
2537 4079 2622 4146 In
