2941 4807
534 408 642 472 128
1028 417 1090 472 C.
1133 414 1364 472 PLINII
1407 414 1599 473 HIST.
1644 415 1817 472 NAT.
1861 417 2001 472 LIB.
2032 412 2188 473 XVI.

527 544 935 638 tempestivae
974 569 1185 637 usque
1224 542 1817 639 adAntigenidem
1854 545 2226 630 tibicinem,
2260 568 2471 637 quum
2511 541 2624 612 ad-

524 689 658 757 huc
708 675 991 782 simplici
1044 689 1296 757 musica
1340 702 1734 777 uterentur,
1779 688 1901 757 sub
1937 692 2272 758 Arcturo:
2314 687 2407 755 sic
2447 711 2625 781 prae-

525 847 777 925 paratae
812 829 1069 924 aliquot
1106 847 1259 927 post
1302 858 1518 901 annos
1557 830 1752 902 utiles
1788 857 1925 901 esse
1969 832 2396 926 incipiebant.
2433 835 2627 900 Tunc

523 1000 790 1069 quoque
844 973 1057 1045 multa
1106 975 1457 1045 domandae
1502 976 2010 1064 exercitatione,
2059 990 2127 1044 et
2166 1000 2405 1045 canere
2445 976 2626 1045 tibiae

526 1122 683 1215 ipsae
716 1120 1032 1190 docendae
1050 1170 1069 1207 ‚
1098 1121 1697 1214 comprimentibus
1719 1145 1791 1190 se
1819 1119 2081 1215 ligulis,
2119 1119 2302 1214 quod
2323 1134 2467 1190 erat
2496 1117 2627 1189 illis

521 1267 941 1336 theatrorum
979 1266 1281 1335 moribus
1308 1263 1560 1335 utilius.
1588 1269 1956 1358 Postquam
1989 1266 2279 1335 varietas
2320 1265 2628 1351 accessit,

518 1426 584 1479 et
621 1427 859 1481 cantus
893 1435 1164 1505 quoque
1202 1409 1500 1494 luxuria,
1528 1408 1693 1479 caedi
1737 1424 1894 1479 ante
1936 1409 2221 1479 solstitia
2255 1425 2527 1504 coeptae,
2559 1424 2630 1479 et

518 1556 661 1625 fieri
703 1553 901 1625 utiles
960 1556 1028 1623 in
1097 1555 1372 1623 trimatu
1396 1605 1415 1641 ,
1470 1554 1918 1648 apertioribus
1967 1578 2198 1623 earum
2255 1552 2477 1648 ligulis
2540 1555 2628 1623 ad

522 1702 886 1773 flectendos
933 1726 1132 1770 sonos
1154 1753 1173 1790 ,
1230 1725 1378 1793 quae
1420 1699 1576 1769 inde
1615 1715 1771 1769 sunt
1813 1714 1880 1768 et
1917 1698 2138 1768 hodie.
2187 1698 2318 1768 Sed
2352 1713 2500 1768 tum
2546 1725 2629 1768 ex

519 1873 640 1917 sua
697 1870 1037 1941 quamque
1099 1860 1363 1914 tantum
1421 1841 1750 1912 arundine
1805 1867 2176 1938 congruere
2233 1868 2628 1938 persuasum

521 2008 716 2061 erat:
774 2005 842 2058 et
894 2014 1043 2058 eam
1064 2042 1083 2076 ,
1133 2012 1280 2081 q-uae
1325 1985 1618 2055 radicem
1673 2000 2114 2056 antecesserat
2136 2039 2155 2072 ,
2210 1983 2389 2055 laevae
2447 1989 2628 2058 tibiae

524 2132 887 2203 convenire
918 2157 933 2198 ε
968 2153 1117 2224 quae
1153 2102 1511 2215 cacumen,
1536 2125 1820 2195 dextrae:
1861 2126 2262 2196 immensum
2293 2144 2626 2222 quantum

449 2334 454 2339 ,
525 2276 850 2375 praelatiS,
888 2300 1054 2369 quas
1098 2276 1237 2368 ipse
1269 2272 1636 2366 Cephissus
1678 2249 2013 2340 abluisset.
2061 2274 2266 2343 Nunc
2308 2274 2628 2344 sacrificae

524 2429 900 2494 Tuscorum
942 2445 979 2489 e
1011 2421 1191 2489 buxo
1213 2471 1232 2508 ,
1264 2416 1540 2486 ludicrae
1581 2441 1739 2485 vero
1779 2414 1919 2485 loto
1942 2469 1960 2505 ‚
1997 2418 2389 2513 ossibusque
2420 2420 2628 2488 asini-

527 2572 630 2638 nis
652 2622 671 2656 ,
709 2585 777 2637 et
812 2580 1088 2662 argento
1121 2565 1311 2633 fiunt.
1355 2562 1815 2656 Aucupatoria
1853 2562 2112 2631 arundo
2155 2587 2195 2630 a
2235 2564 2625 2634 Panhormo

523 2712 976 2783 laudatissima
1011 2736 1026 2778 τ
1072 2707 1429 2802 piscatoria
1464 2705 1830 2777 Abaritana
1867 2732 1948 2775 ex
1976 2706 2218 2776 Africa.
