2941 4807
655 419 771 497 398
1115 424 1180 478 C.
1221 422 1457 478 PLINII
1499 421 1691 479 HIST.
1734 422 1908 478 NAT.
1955 423 2092 480 LIB.
2120 424 2311 481 xvn.

662 574 806 619 cem
838 549 1300 619 existimantes.
1336 548 1582 620 Glarea
1622 548 1959 619 substrata
1997 551 2168 617 inter
2207 562 2565 641 utramque
2596 570 2712 615 seu-

661 693 941 762 tentiam
981 692 1203 761 fuerit.

765 853 1094 923 Arborem
1152 878 1277 922 nec
1330 855 1662 923 minorem
1706 827 1889 924 bima
1917 905 1937 939 ,
1997 878 2120 922 nec
2173 854 2498 947 majorem
2556 851 2728 921 trima

677 997 1018 1067 transferri
1037 997 1311 1091 quidam
1331 997 1734 1093 praecipiunt
1757 1024 1773 1065 ε
1793 996 1941 1096 alii,
1957 1022 2169 1092 quum
2187 1023 2444 1068 annum
2463 995 2727 1091 impleat.

671 1144 840 1211 Cato
885 1141 1274 1211 crassiorem
1318 1142 1619 1235 quinque
1667 1139 1917 1237 digitis.
1959 1144 2117 1213 Nou
2159 1142 2497 1210 omisisset
2543 1140 2729 1228 idem,

675 1283 729 1352 si
761 1284 1073 1354 attineret
1089 1336 1109 1372 ‚
1139 1284 1581 1354 meridianam
1620 1283 1761 1354 caeli
1788 1299 2046 1378 partem
2085 1286 2345 1378 signare
2384 1285 2460 1351 in
2490 1284 2732 1367 cortice,

674 1445 749 1500 ut
785 1427 1108 1499 translata
1145 1429 1215 1499 in
1253 1430 1488 1499 iisdem
1529 1444 1599 1499 et
1631 1428 1922 1500 adsuetis
1949 1444 2372 1502 ,statueretur
2412 1430 2635 1498 horis:
2663 1451 2733 1495 ne

675 1572 1025 1669 aquiloniae
1065 1573 1453 1644 meridianis
1494 1551 1817 1670 oppositm
1863 1572 2115 1644 solibus
2171 1572 2593 1642 finderentur
2618 1622 2638 1659 ,
2681 1583 2734 1639 et

676 1718 978 1815 algerent
1013 1718 1396 1789 meridianae
1438 1719 1886 1813 aquilonibus.
1929 1718 2138 1809 Quod
2172 1743 2210 1788 e
2249 1718 2523 1788 diverso
2555 1715 2736 1787 adfec-

673 1879 817 1934 tant
849 1866 1052 1933 etiam
1077 1861 1351 1957 quidam
1393 1864 1464 1932 in
1492 1864 1658 1953 vite,
1694 1862 1988 1958 ficoque‚
2023 1877 2483 1958 permutantes
2514 1864 2583 1931 in
2606 1884 2734 1931 con·

680 2007 981 2077 trarium.
1013 2008 1377 2077 Densiores
1417 2008 1597 2076 enim
1632 2006 1793 2078 folio
1825 2008 1920 2076 ita
1956 2006 2098 2077 fieri
2116 2059 2136 2096 ,
2169 2008 2522 2101 magisque
2552 2018 2739 2102 prote·

676 2173 829 2245 gere
872 2149 1165 2219 fructum
1189 2202 1208 2234 ,
1251 2165 1318 2220 et
1354 2150 1577 2220 minus
1630 2151 1984 2219 amittere:
2033 2150 2367 2243 ficumque
2419 2149 2519 2218 sic
2567 2147 2735 2217 etiam

680 2277 1028 2364 scansilem
1051 2293 1213 2363 fieri.
1250 2293 1568 2388 Plerique.
1598 2294 1665 2363 id
1692 2295 1959 2364 demum
1997 2309 2234 2365 cavent
2255 2346 2275 2384 ‚
2309 2308 2385 2363 ut
2427 2292 2625 2391 plaga
2652 2289 2738 2359 de-

640 2459 650 2468 ·
685 2440 899 2533 putati
936 2439 1298 2509 cacuminis
1329 2439 1677 2510 meridiem
1703 2454 1990 2534 spectet,
2030 2441 2247 2534 ignari
2284 2440 2546 2510 fissuris
2580 2435 2736 2507 nimii

684 2584 947 2678 vaporis
999 2585 1274 2678 opponi.
1322 2584 1401 2652 Id
1442 2582 1710 2678 quidem
1754 2584 1826 2652 iu
1877 2584 2114 2653 horam
2152 2583 2282 2653 diei
2313 2584 2619 2677 quintam
2652 2577 2736 2649 vel

683 2741 985 2796 octavam
1025 2741 1326 2822 spectare
1369 2726 1741 2797 maluerim.
1790 2729 2002 2822 AEque
2048 2724 2212 2796 latet
2244 2752 2380 2796 non
2415 2724 2736 2821 negligen-

686 2870 847 2939 dum
868 2923 888 2959 ‚
931 2895 1014 2939 ne
1048 2869 1297 2940 radices
1342 2897 1528 2941 mora
1568 2873 1942 2942 inarescant
1963 2923 1983 2959 ‚
2019 2896 2184 2942 neve
2215 2897 2254 2941 a
2296 2867 2741 2966 septentrioni·

688 3018 812 3087 bus
841 3070 861 3104 ‚
902 3033 1020 3087 aut
1051 3019 1136 3088 ab
1175 3043 1251 3087 ea
1286 3034 1477 3113 parte
1514 3016 1655 3088 caeli
1685 3043 1895 3114 usque
1932 3019 2019 3089 ad
2061 3004 2367 3088 exortum
2397 3016 2740 3089 brumalem

691 3175 893 3231 vento
927 3162 1130 3257 flante
1164 3161 1574 3231 effodiantur
1612 3163 1911 3251 arboreS,
1946 3178 2062 3232 aut
2100 3176 2278 3232 certe
2311 3186 2453 3231 non
2485 3161 2741 3231 adversa

698 3305 778 3373 iis
818 3305 1031 3373 ventis
1071 3304 1328 3374 radices
1364 3306 1789 3399 praebeantur
1824 3333 1840 3375 ε
1888 3321 2161 3401 propter
2202 3305 2385 3399 quod
2430 3304 2741 3376 emoriun-

690 3461 802 3515 tur
822 3498 842 3535 ‚
875 3446 1122 3541 ignaris
1153 3472 1365 3518 causae
1403 3448 1729 3544 agricolis
