2941 4807
539 435 576 497 ⁷4
585 429 657 485 30
1144 428 1391 484 NOTES
1431 427 1540 483 D'U
1583 427 1816 483 LIVRE
1855 428 2036 483 XVII.

631 538 965 623 96.—Page
981 535 1127 614 382,
1145 539 1303 621 ligne
1332 561 1426 599 10.
1446 540 1546 598 Sic
1565 553 1619 599 et
1636 539 1832 617 spinas
1853 543 1999 617 sepis
2018 558 2192 600 causa
2212 551 2417 609 serunt,
2455 540 2644 598 tomice

545 641 717 699 moris
743 639 1027 715 spinarum
1048 639 1357 698 circumlita.
1376 638 1425 698 11
1448 638 1690 699 n’existe
1718 637 1860 699 dans
1883 658 1993 698 nos
2017 638 2297 716 procedes
2315 638 2642 699 horticoles

546 738 672 798 rien
704 736 805 818 qui
834 736 1088 813 rappelle
1112 737 1184 796 de
1208 734 1544 796 semblables
1568 734 1860 816 pratiques
1877 779 1896 811 ‚
1925 733 2064 795 mais
2089 757 2167 796 on
2197 756 2268 795 en
2297 746 2513 794 trouve
2542 734 2643 794 des

548 847 731 895 traces
747 834 886 894 dans
898 833 1181 911 plusieurs
1201 855 1481 917 ouvrages
1497 834 1569 893 de
1589 833 1931 914 l’antiquite‚
1952 845 2314 894 notamment
2331 833 2469 892 dans
2485 832 2647 892 celui

547 933 620 993 de
636 932 934 1004 Palladius,
948 933 1040 992 lib.
1057 948 1105 1006 1,
1129 936 1208 992 tit.
1229 931 1332 1007 34,
1352 938 1430 993 οὺ
1445 954 1506 992 se
1519 931 1693 992 lisent
1707 933 1788 992 les
1803 932 2034 1008 phrases
2052 932 2366 992 suivantes:
2380 931 2510 991 Alii
2521 932 2644 1006 spi-

549 1051 748 1089 narum
757 1032 989 1107 plantas
1012 1052 1079 1089 ac
1091 1032 1304 1089 semina
1331 1032 1388 1089 in
1408 1031 1703 1089 munitione
1714 1029 2023 1107 disponunt.
2051 1030 2167 1089 Sed
2184 1030 2376 1089 melius
2393 1029 2498 1087 en't
2519 1028 2648 1085 rubi

549 1130 781 1203 semina,
807 1142 860 1188 et
877 1132 1055 1205 spina
1075 1152 1197 1206 qua:
1220 1130 1383 1188 rubus
1406 1129 1634 1188 caninus
1659 1140 1901 1198 vocamr,
1925 1141 2148 1186 nmium
2165 1128 2426 1201 colligere,
2448 1139 2504 1185 et
2520 1149 2643 1186 cum

529 1230 735 1305 farina
754 1230 866 1286 ervi
876 1250 950 1286 ex
967 1249 1171 1305 aquam
1185 1241 1402 1288 aceram
1418 1231 1638 1287 miscere
1650 1229 1840 1303 :funes
1855 1226 2040 1287 dehinc
2051 1239 2300 1303 sparteos
2316 1239 2527 1287 veteres
2544 1226 2644 1284 hoc

547 1349 733 1401 genere
769 1326 1053 1385 mixtionis
1080 1329 1162 1386 sic
1194 1326 1434 1385 inducere
1448 1371 1468 1396 ,
1501 1339 1560 1385 ut
1585 1329 1734 1385 intra
1742 1326 1915 1402 fimes
1943 1328 2157 1384 semina
2182 1336 2390 1401 recepta
2423 1345 2641 1383 sersen-

548 1440 639 1485 mr
661 1446 828 1502 usque
852 1424 933 1482 ad
953 1427 1113 1485 verni
1134 1426 1393 1501 temporis
1424 1425 1602 1483 iru'tzb.
1637 1424 1785 1484 Tunc
1808 1424 1906 1483 ubi
1929 1445 2080 1500 sepes
2101 1424 2303 1499 futura
2343 1434 2430 1481 est
2448 1466 2467 1491 ‚
2504 1421 2641 1479 duos

547 1523 726 1584 sulcos
751 1522 920 1581 tribus
948 1544 988 1581 a
1016 1544 1076 1581 se
1096 1522 1323 1599 pedibus
1352 1534 1637 1599 separatos
1668 1520 1998 1597 sesquipedis
2021 1520 2303 1579 altitudine
2313 1519 2597 1595 faciemus
2617 1540 2639 1575 .·

545 1635 602 1681 et
615 1645 720 1699 per
741 1635 990 1699 utrosque
1001 1666 1019 1693 ,
1041 1623 1218 1698 funes
1254 1643 1372 1680 cum
1407 1621 1705 1679 seminibus
1723 1620 2015 1678 *obt-nemus
2043 1618 2145 1677 levi
2167 1631 2331 1677 terra.
2378 1618 2495 1677 Ces
2527 1638 2640 1676 en-

548 1719 701 1780 duits
726 1731 862 1780 sont
880 1719 1116 1779 inutiles
1141 1740 1219 1779 ou
1243 1719 1567 1801 dangereux
1583 1760 1601 1791 ‚
1637 1738 1733 1776 car
1755 1716 1824 1776 ils
1855 1716 2153 1794 disposent
2182 1720 2213 1776 a
2237 1715 2292 1776 la
2322 1714 2642 1776 fermenta-

547 1818 676 1877 tion
702 1861 721 1893 ‚
770 1817 1110 1895 emp-§chent
1163 1815 1402 1877 l’action
1440 1815 1764 1875 immediate
1803 1816 1874 1875 de
1913 1812 2232 1873 l’humidite
2270 1814 2348 1873 du
2392 1813 2485 1873 sol
2519 1859 2540 1889 ‚
2582 1825 2641 1873 et

548 1928 920 1999 augmentent
949 1916 1033 1977 les
1062 1917 1301 1977 chauces
1332 1917 1402 1977 de
1426 1915 1785 1976 destruction
1815 1935 1921 1991 par
1964 1912 2049 1975 les
2077 1935 2208 1973 vers
2239 1925 2301 1974 et
2328 1914 2415 1974 les
2446 1925 2638 1975 autres

550 2017 813 2076 animaux
842 2027 1164 2076 terrestres,

631 2135 730 2196 97.
752 2146 831 2160 —
859 2113 1042 2196 Ligne
1076 2112 1167 2172 15.
1197 2112 1521 2188 Amygdala
1555 2114 1614 2172 in
1640 2113 1844 2184 argilla
1869 2113 2026 2171 molli
2057 2110 2330 2171 meridiem
2363 2124 2639 2188 spectante

544 2213 662 2270 seri
672 2212 839 2284 jubet.
870 2211 1279 2288 L’experience
1319 2232 1351 2270 a
1393 2211 1693 2270 demontre
1722 2230 1835 2290 que
1866 2209 1950 2269 les
1989 2208 2307 2269 amandiers
2337 2210 2639 2269 voulaient

549 2330 665 2368 une
701 2320 854 2368 terre
894 2309 1059 2368 seche
1101 2320 1159 2369 et
1202 2307 1425 2391 legere,
1455 2319 1518 2368 et
1546 2329 1657 2389 que
1693 2307 2063 2384 l’exposition
2103 2306 2481 2367 meridionale
2508 2309 2637 2367 leur

548 2409 688 2468 etait
705 2420 1100 2491 avantageuse.
1123 2406 1491 2469 L’amandier
1513 2419 1600 2467 est
1617 2406 1824 2467 l'arbre
1847 2408 1946 2467 des
1971 2406 2209 2467 collines
2223 2450 2240 2480 ‚
2258 2406 2455 2466 dit-on
2477 2429 2637 2468 com·

548 2512 909 2579 munement3
953 2508 993 2567 il
1038 2519 1228 2570 meurt
1264 2507 1494 2568 hiemet
1521 2507 1660 2566 dans
1699 2506 1783 2566 les
1812 2506 2054 2566 terrains
2084 2507 2439 2587 aquatiques.
2467 2507 2635 2568 Ainsi

548 2629 608 2669 se
638 2620 846 2669 trouve
878 2602 1152 2669 confirm&
1182 2630 1247 2668 ce
1275 2631 1388 2689 que
1426 2607 1510 2668 dit
1539 2609 1757 2689 Magon
1782 2650 1801 2680 ‚
1849 2607 1960 2667 cite
1992 2626 2093 2688 par
2123 2607 2286 2668 Pline
2313 2632 2328 2668 ε
2354 2610 2427 2668 In
2445 2611 2642 2688 pingui

545 2721 647 2767 aut
669 2708 891 2767 humida
917 2710 1091 2779 mori,
1130 2729 1198 2765 ac
1223 2708 1562 2766 sterilescere.
1608 2704 1897 2766 Palladius
1932 2727 1965 2765 a
1992 2705 2081 2765 dit
2113 2728 2248 2767 avec
2281 2728 2404 2767 non
2446 2709 2635 2768 moins

550 2804 622 2864 de
652 2804 834 2865 verite
865 2827 879 2864 t
905 2804 1122 2864 Amant
1146 2802 1496 2881 (amygdala)
1524 2825 1720 2877 agrum
1746 2803 1973 2875 durum,
2010 2807 2237 2875 siccum,
2267 2806 2597 2865 caladosum
2608 2852 2628 2878 ‚

545 2904 734 2964 coelum
775 2903 1168 2964 calidissimum
1209 2916 1266 2963 et
1309 2904 1437 2982 quia
1481 2916 1695 2962 mature
1716 2905 1921 2982 florere
1957 2915 2361 2974 consueverunt,
2396 2905 2482 2963 ita
2516 2918 2634 2962 sta-

546 3003 757 3063 tuenda·
780 3016 924 3074 sunt,
950 3016 1010 3062 ut
1033 3005 1256 3064 arbores
1278 3002 1357 3060 ad
1370 3002 1645 3063 meridiem
1661 3014 1901 3079 spectum
1923 3004 2006 3080 (in
2025 3003 2289 3075 Januar„
2314 3019 2368 3062 ΙΙ
2384 3047 2401 3077 .,
2432 3015 2476 3062 t.
2509 3003 2636 3077 15).

630 3099 728 3184 98.
753 3139 829 3152 —
850 3100 1033 3184 Ligne
1066 3123 1158 3185 17.
1187 3101 1452 3161 Serendas
1481 3124 1645 3179 quam
1679 3104 1926 3162 maxz'rne
1940 3103 2254 3178 falcatas..
2291 3103 2520 3164 Toutes
2552 3103 2634 3164 les

549 3201 919 3279 precautions
950 3200 1252 3281 indiquees
1278 3223 1380 3278 par
1403 3200 1569 3261 Pline
1591 3222 1744 3278 pour
1767 3222 1992 3260 assurer
2016 3222 2093 3261 ou
2114 3202 2399 3264 accelerer
2421 3204 2475 3263 la
2499 3226 2635 3286 ger-

544 3300 830 3359 mination
849 3298 948 3360 des
971 3301 1235 3360 amandes
1259 3312 1393 3360 sont
1418 3300 1710 3383 negligees
1732 3321 1868 3360 avec
1883 3300 2074 3359 raison
2100 3322 2201 3377 par
2222 3323 2331 3361 nos
2354 3301 2632 3362 hor-ticul-

546 3411 724 3458 teurs.
754 3397 1161 3475 Florentinum,
1197 3400 1524 3477 Geoponiq„
1557 3416 1599 3459 x
1621 3443 1639 3474 ‚
1680 3396 1780 3481 57,
1824 3399 2123 3476 s’exprime
2163 3420 2234 3460 en
2266 3412 2478 3460 termes
2518 3423 2635 3478 peu

548 3496 818 3557 differens
850 3497 919 3556 de
960 3516 1101 3558 ceux
1131 3497 1482 3578 qu’emploie
1525 3510 1696 3559 notre
1733 3509 1955 3559 auteur.
1986 3498 2270 3559 Palladius
2312 3499 2631 3574 (Januar.‚

547 3596 638 3656 tit.
676 3591 787 3672 16)
819 3596 1219 3656 recommande
1259 3599 1680 3674 expressement
1719 3596 1773 3656 la
1807 3598 2064 3675 position
2095 3596 2164 3655 de
2199 3595 2484 3659 l’amande
2520 3621 2638 3680 que

545 3693 667 3755 l'on
695 3707 816 3754 met
843 3715 915 3755 en
945 3706 1135 3767 terre,
1161 3695 1304 3755 ainsi
1327 3716 1441 3775 que
1478 3694 1527 3754 la
1566 3694 1853 3756 direction
1889 3696 1960 3755 de
1998 3695 2050 3754 la
2079 3696 2260 3772 partie
2287 3698 2535 3760 amincie
2565 3701 2635 3761 de

547 3812 614 3851 ce
642 3791 781 3851 fruit
807 3811 937 3854 vers
966 3792 1021 3852 le
1052 3792 1432 3870 septentrion.
1478 3792 1761 3852 Ponemus
1789 3815 1947 3852 nuces
1979 3806 2341 3865 transversas,
2374 3810 2435 3856 ut
2457 3800 2628 3867 latus,

547 3890 739 3961 idest,
772 3892 963 3952 carina
987 3893 1116 3968 insa
1127 3937 1147 3964 ,
1158 3895 1373 3971 figatur
1394 3892 1452 3950 in
1479 3904 1640 3951 terra.
1675 3890 1940 3950 Cammen
1956 3894 2166 3968 imm,
2199 3917 2358 3971 quum
2370 3897 2631 3971 ponimus

543 4013 759 4066 nucem,
783 3993 841 4052 in
868 3993 1135 4070 aquilonis
1153 4004 1372 4069 partem
1392 3991 1698 4063 dirigemus.
2654 3977 2662 3983 ¹

627 4092 967 4173 99.—Page
990 4089 1142 4166 384,
1170 4090 1324 4173 ligne
1342 4088 1398 4150 5.
1423 4088 1725 4162 Juglandes
1751 4111 1910 4150 nuces
1926 4102 2186 4166 porr-edoe
2203 4102 2456 4149 ,κωπίω-
2475 4110 2629 4151 com-
