2941 4807
549 435 657 502 ιω.
1004 441 1066 496 c.
1109 410 1340 499 rimu
1380 443 1576 499 msr.
1621 445 1794 499 NAT.
1838 446 2164 505 L113.XV1.

543 576 805 635 vocant.
841 561 1042 657 Apud
1083 589 1205 635 nos
1239 591 1509 660 quoque
1544 567 1737 637 multi
1781 567 2063 641 totidem
2103 572 2456 665 generibus
2507 597 2629 641 no·
2682 578 2689 583 ’
2872 606 2873 659 1

542 705 724 773 mina
779 706 1136 800 imponunt
1170 734 1187 776 ε
1242 711 1603 781 vimineam
1646 728 1897 783 -vocant
1922 766 1941 803 ,
1979 714 2414 809 eamdemque
2470 738 2630 810 pur-
2674 696 2679 702 .

543 873 839 941 puream.
879 849 1181 921 Alteram
1229 854 1575 925 nitelinam
1619 882 1659 925 a
1701 856 1926 928 colore
1949 911 1967 947 ‚
2017 885 2164 953 quae
2216 862 2302 929 sit
2340 862 2628 931 tenuior.

541 997 834 1069 Tertiam
873 996 1239 1087 Gallicam,
1274 1027 1422 1097 quae
1463 1006 1867 1077 tenuissima.

979 1609 1070 1666 De
1102 1611 1300 1686 scirpis
1313 1654 1331 1683 ‚
1374 1613 1656 1685 candelis3
1691 1614 1887 1671 cannis
1901 1654 1919 1684 ‚
1953 1612 2172 1688 tegulis

639 1784 853 1852 Lxx.
894 1786 1035 1855 Nec
1076 1787 1146 1855 in
1189 1786 1553 1886 fruticum,
1600 1814 1726 1858 nec
1763 1790 1832 1857 in
1865 1789 2166 1883 veprium
2209 1785 2635 1871 cauliumve,

543 1948 761 2021 neque
795 1929 864 1996 in
921 1929 1320 2019 herbarum,
1375 1950 1493 2003 aut
1537 1933 1669 2003 alio
1704 1931 1881 2019 ulle,
1914 1957 2116 2027 quam
2170 1956 2291 2000 suo
2344 1954 2590 2024 genere
2616 1982 2636 2014 ‚

544 2086 982 2142 numerentur
1022 2075 1176 2167 jure
1228 2076 1427 2170 scirpi
1468 2075 1735 2173 fragiles
1776 2075 2238 2171 palustresque
2259 2127 2277 2163 ,
2317 2074 2404 2143 ad
2439 2090 2633 2169 tegu-

544 2215 721 2305 lum,
748 2232 1165 2323 tegetesque:
1199 2244 1235 2287 e
1268 2221 1515 2317 quibus
1555 2221 1854 2290 detracto
1891 2222 2164 2308 cortice,
2195 2217 2486 2289 candelae
2527 2217 2630 2286 lu-

546 2362 836 2432 minibus
873 2377 940 2432 et
993 2364 1336 2434 funeribus
1389 2365 1711 2437 serviunt.
1764 2366 2051 2434 Firmior
2106 2363 2506 2459 quibusdam
2561 2363 2630 2430 in

544 2505 707 2575 loeis
750 2479 1246 2602 eorum'rigorj
1279 2512 1590 2602 Namque
1642 2509 1720 2578 iis
1777 2493 2109 2578 velificant
2148 2534 2282 2576 non
2333 2508 2402 2575 in
2445 2506 2630 2575 Pado

547 2665 807 2720 tantum
840 2654 1131 2740 nautici,
1168 2678 1403 2721 verum
1438 2667 1506 2721 et
1537 2630 1801 2722 inmari
1830 2654 2125 2748 piscator
2141 2651 2432 2738 AfricuS,
2468 2677 2633 2745 prae·

546 2782 813 2894 postero
845 2820 1032 2865 more
1069 2794 1217 2866 vela
1257 2798 1430 2864 intra
1472 2795 1683 2865 malos
1723 2795 2155 2890 suspendens.
2207 2798 2292 2864 Et
2343 2792 2630 2887 mapalia

546 2964 667 3014 sua
697 2939 921 3010 Mauri
953 2952 1224 3038 tegunt:
1256 2938 1688 3033 proximeque
1719 2939 2076 3032 :estimanti
2111 2939 2239 3006 hoc
2276 2936 2631 3007 videantur

548 3110 728 3176 esse,
766 3110 901 3180 quo
938 3085 1249 3162 inferiore
1280 3081 1422 3160 Nili
1460 3098 1651 3178 parte
1689 3084 1923 3178 papyri
1965 3097 2158 3169 sunt,
2199 3107 2345 3152 usu.

1210 3758 1297 3813 De
1330 3741 1608 3813 sambucis
1637 3778 1651 3811 :
1690 3754 1763 3811 de
1796 3754 1971 3811 rubis.

642 3936 889 4004 LXXI.
931 3930 1062 4004 Sed
1102 3932 1443 4004 frutectosi
1481 3933 1740 4028 generis
1777 3944 1936 3999 sunt
1972 3931 2149 4000 inter
2187 3929 2527 4022 aquaticas
2566 3944 2631 3994 et

547 4078 701 4147 rubi
731 4129 750 4164 ,
807 4091 1010 4172 atque
1059 4078 1355 4150 sambuci
1423 4077 1689 4172 fungosi
1738 4074 1997 4169 generis
2036 4089 2069 4140 ε·
2113 4070 2307 4142 aliter
2366 4087 2589 4141 tamen
2613 4124 2630 4159 ,
