2941 4807
562 432 676 500 148
905 462 906 467 ¹
959 426 963 431 ⁴
1037 437 1098 494 C.
1141 440 1374 495 PLINII
1415 441 1610 498 HIST.
1655 438 1826 499 NAT.
1871 446 2008 500 LIB.
2038 445 2194 500 XVI.

558 562 846 630 Navium
887 560 1079 631 malis
1112 567 1553 661 antennisque
1598 585 1872 664 propter
1914 570 2244 639 levitatem
2300 567 2654 664 praefertur

551 708 750 776 abies.
791 710 1190 778 Communia
1259 712 1362 780 his
1397 715 1731 809 pinoque,
1790 732 1862 785 ut
1900 715 2418 811 quadripartitos
2451 739 2655 782 vena·

555 877 707 920 rum
744 879 977 923 cursus
1022 856 1397 951 bifidosque
1434 859 1728 928 habeant
1754 911 1773 949 ,
1814 859 1916 929 vel
1966 861 2244 929 omnino
2293 856 2648 954 simplices.

563 998 670 1092 Ad
711 998 1054 1069 fabrorum
1104 1002 1416 1071 intestina
1457 1027 1662 1096 opera
1709 1002 1996 1072 medulla
2042 1002 2285 1073 sectilis
2320 1029 2343 1081 z
2395 1005 2651 1096 optima

561 1142 1065 1237 quadripartitis
1098 1148 1435 1235 materies,
1463 1162 1528 1215 et
1554 1147 1823 1217 mollior
1841 1170 2037 1241 quam
2067 1162 2317 1217 ceterae.
2346 1145 2652 1216 Intellec-

543 1301 664 1373 tus
698 1288 767 1355 in
805 1289 1051 1357 cortice
1094 1282 1407 1386 protinus
1451 1293 1700 1385 peritis,
1739 1293 1989 1362 Abietis
2025 1317 2174 1386 quae
2213 1317 2367 1387 pars
2401 1317 2438 1360 a
2470 1307 2653 1360 terra

555 1432 712 1519 fuit,
749 1428 980 1502 enodis
1005 1448 1144 1503 est:
1181 1436 1361 1523 haec,
1401 1462 1531 1530 qua
1575 1437 1862 1506 diximus
1903 1437 2195 1524 ratione,
2232 1436 2505 1505 fluviata
2542 1437 2654 1505 de-

557 1577 943 1664 corticatur‚
977 1593 1178 1681 atque
1209 1581 1294 1648 ita
1331 1580 1604 1674 sapinus
1648 1596 1963 1650 vocatur:
2002 1582 2312 1674 superior
2343 1605 2500 1675 pars
2532 1604 2655 1648 no-

556 1721 744 1808 dosa,
782 1722 1188 1816 duriorque,
1235 1723 1551 1793 fusterna.
1590 1728 1676 1793 Et
1722 1727 1790 1792 in
1846 1725 2003 1819 ipsis
2034 1739 2257 1793 autem
2300 1724 2653 1793 arboribus

557 1869 973 1938 robustiores
1005 1867 1377 1962 Aquiloniae
1411 1885 1649 1965 partes,
1691 1873 1779 1938 Et
1816 1872 1885 1937 in
1925 1884 2143 1939 totum
2180 1870 2543 1940 deteriores
2572 1896 2652 1939 ex

554 2014 850 2083 humidis
890 2015 1286 2109 opacisque:
1327 2016 1672 2108 spissiores
1714 2040 1794 2082 ex
1836 2015 2075 2108 apricis
2103 2065 2121 2100 ‚
2163 2038 2239 2082 ac
2284 2014 2641 2082 diuturnae.

555 2158 716 2228 Ideo
757 2163 990 2228 Romae
1023 2158 1312 2227 infernas
1349 2159 1529 2227 abies
1563 2151 1906 2251 supernati
1950 2157 2322 2252 praefertur.
2369 2163 2493 2228 Est
2532 2185 2650 2255 per

556 2307 856 2401 gentium
912 2329 1182 2398 quoque
1243 2305 1544 2399 regiones
1597 2305 1665 2371 in
1720 2306 1800 2373 iis
1858 2304 2254 2375 differentia.
2316 2304 2603 2400 Alpibus
2629 2361 2647 2392 ‚

556 2452 1047 2545 Apenninoque
1086 2448 1551 2518 laudatissimae
1583 2473 1598 2513 t
1640 2449 1707 2513 in
1747 2445 1967 2518 Gallia
1991 2500 2009 2531 ‚
2047 2452 2207 2517 Jura
2230 2502 2248 2537 ‚
2289 2474 2365 2518 ac
2408 2466 2639 2520 monte

556 2599 861 2690 Vogeso:
908 2597 977 2661 in
1014 2594 1320 2677 Corsica,
1360 2591 1674 2684 Bithynia
1698 2644 1715 2674 ‚
1761 2594 2008 2679 Ponto,
2044 2593 2465 2662 Macedonia.
2508 2598 2646 2664 De-

557 2738 764 2806 terior
785 2737 1123 2806 AEneatiea
1144 2788 1162 2816 ‚
1187 2750 1253 2803 et
1279 2734 1619 2805 Arcadica.
1657 2731 1961 2804 Pessimae
1998 2738 2379 2822 Parnassia,
2414 2754 2481 2807 et
2514 2743 2650 2809 Eu·

557 2884 746 2952 boica
768 2935 785 2969 ‚
829 2884 1144 2976 quoniam
1192 2906 1466 2949 ramosae
1499 2882 1590 2950 ibi
1624 2897 1690 2949 et
1740 2896 2059 2950 contortae
2085 2936 2103 2970 ,
2153 2899 2648 2978 putrescentes-

557 3055 689 3124 que
733 3026 942 3098 facile.
975 3031 1062 3098 At
1098 3026 1334 3100 cedrus
1375 3028 1446 3094 in
1485 3029 1679 3096 Creta
1710 3078 1728 3111 ,
1778 3021 1995 3097 Africa
2022 3079 2040 3114 ‚
2089 3031 2290 3121 Syria
2333 3028 2652 3099 laudatis-

513 3247 517 3252 ,
560 3178 772 3274 sima3
800 3172 999 3245 Cedri
1043 3172 1191 3242 oleo
1236 3186 1560 3267 peruncta
1597 3172 1903 3240 materies
1927 3224 1944 3258 ‚
2001 3197 2124 3241 nee
2183 3173 2426 3242 tineam
2454 3225 2471 3259 ‚
2525 3197 2652 3245 nec

558 3322 803 3388 cariem
845 3320 1060 3387 sentit.
1098 3318 1415 3410 Junipero
1452 3312 1682 3382 eadem
1716 3317 1966 3423 virtus,
2008 3342 2153 3409 quae
2186 3316 2404 3386 cedro.
2443 3322 2651 3390 Vasta

559 3463 699 3531 haec
734 3464 804 3529 in
845 3461 1195 3554 Hispania,
1225 3461 1638 3553 maximeque
1656 3462 1984 3529 Vaccaeis:
2015 3460 2303 3531 medulla
2331 3465 2473 3558 ejus
2505 3466 2652 3534 ubi-

561 3631 848 3700 cumque
876 3603 1150 3674 solidior
1178 3605 1378 3674 etiam
1395 3656 1414 3691 ‚
1455 3629 1659 3698 quam
1679 3604 1933 3674 cedrus.
1970 3595 2317 3676 Publicum
2344 3611 2651 3679 omnium

562 3760 800 3828 vitium
826 3770 1063 3825 vocant
1085 3757 1296 3851 spiras
1323 3807 1342 3843 ‚
1381 3755 1491 3822 ubi
1518 3752 1916 3848 convolvere
1940 3780 2008 3824 se
2026 3781 2210 3825 venae
2238 3773 2437 3852 atque
2464 3758 2650 3827 nodi.

561 3910 1003 3979 Inveniuntur
1042 3907 1110 3975 in
1154 3903 1598 3998 quibusdam,
1640 3905 1813 3986 sicut
1861 3907 1929 3975 in
1973 3930 2344 3996 marmore,
2383 3925 2652 3996 centra,
2736 3974 2742 3981 .

565 4057 632 4125 id
666 4072 793 4144 est,
827 4054 1075 4128 duritia
1106 4051 1294 4122 clavo
1326 4049 1560 4121 similis
1584 4103 1601 4138 ,
1651 4053 1914 4122 inimica
1960 4057 2178 4124 serris.
2224 4059 2312 4124 Et
2345 4056 2648 4149 quaedam
