2941 4807
562 416 679 487 37⁰
997 417 1062 474 C.
1105 413 1346 474 PLINII
1387 415 1581 475 ms'r.
1625 415 1984 482 NAT-jLIR
2007 417 2192 474 XVII.

560 567 700 613 non
744 541 1118 614 effunditur
1162 569 1180 612 ε
1219 543 1473 639 alioqui
1535 543 1833 614 novitate
1855 596 1875 632 ‚
1930 565 2370 637 quaecumque
2419 542 2633 616 fuerit
2652 594 2675 630 ,

562 687 779 758 solum
812 685 1047 778 laedet,
1081 711 1167 756 ne
1199 688 1293 757 sic
1313 685 1591 781 quidem
1624 685 1850 782 primo
1875 701 2035 783 post
2057 712 2235 757 anno
2268 683 2530 756 fertilis.
2555 688 2682 755 In-

560 846 763 903 terest
787 847 854 900 et
877 829 1060 925 quali
1095 830 1238 900 solo
1272 843 1641 924 quaeratur.
1676 830 1866 899 Sicca
1893 832 2076 899 enim
2101 828 2382 899 humido
2402 819 2680 919 melior,

559 975 750 1047 arido
796 975 1085 1074 pinguis.
1140 977 1543 1070 Temperato
1589 946 1970 1072 {alterutra}
2007 979 2209 1072 'hcreta
2250 973 2360 1068 ⁴vel
2408 972 2675 1044 colum-

560 1125 719 1194 bina
742 1175 762 1211 ‚
803 1122 1140 1208 convenit.

1354 2644 1443 2698 De
1482 2641 1687 2699 cineris
1723 2658 1842 2696 usu.

651 2866 736 2932 V.
772 2887 841 2959 9.
869 2861 1367 2957 Transpadanis
1398 2862 1645 2933 cineris
1675 2886 1835 2932 usus
1868 2860 2036 2930 adeo
2069 2858 2321 2956 placet,
2350 2872 2429 2927 ut
2461 2871 2663 2927 ante·

556 3021 814 3101 ponant
840 3006 1001 3075 fimo
1022 3006 1527 3101 jumentorum:
1556 3005 1739 3100 quod
1774 3005 1928 3098 quia
1961 3002 2370 3081 levissimum
2397 3015 2533 3089 est,
2567 3001 2662 3070 ob

555 3150 625 3220 id
655 3166 972 3221 exurunt.
1016 3154 1328 3245 Utroque
1364 3166 1591 3220 tamen
1631 3149 1881 3245 pariter
1921 3173 2058 3217 non
2097 3160 2386 3216 utuntur
2422 3146 2496 3215 in
2541 3171 2663 3216 eo-

553 3298 705 3366 dem
737 3323 935 3387 arv0,
977 3321 1102 3367 nee
1135 3298 1205 3365 in
1240 3296 1531 3365 arbustis
1573 3295 1798 3364 cinere
1817 3347 1836 3384 ,
1877 3317 1999 3385 nee
2031 3292 2353 3387 quasdam
2387 3289 2477 3362 ad
2513 3290 2660 3360 fru-

553 3464 670 3536 ges
691 3492 711 3527 ,
759 3455 838 3508 ut
889 3439 1199 3508 diximus,
1270 3438 1446 3507 Sunt
1505 3438 1623 3532 qui
1693 3432 1969 3536 pulvere
2019 3458 2290 3529 quoque
2355 3456 2524 3505 uvas
2565 3430 2658 3501 ali

546 3584 884 3679 judicent,
907 3582 1480 3678 pubescentesque
1512 3579 1897 3674 pulverent,
1926 3594 1994 3649 et
2021 3578 2264 3649 vitium
2298 3578 2656 3648 arborum-

551 3754 683 3824 que
717 3727 1060 3798 radicibus
1097 3714 1524 3821 adspergant.
1551 3724 1761 3814 Quod
1791 3738 2055 3794 certum·
2091 3735 2191 3792 est
2220 3721 2657 3794 Narbonensi

550 3871 953 3971 provinciae,
990 3885 1057 3939 et
1099 3869 1472 3938 vindemias
1509 3869 1754 3938 certius
1786 3868 1881 3936 sic
1917 3893 1997 3936 eo
2042 3868 2270 3963 coqui,
2305 3866 2465 3960 quia
2502 3863 2656 3961 plus

551 3992 769 4112 pulvis
809 4017 904 4085 ibi
925 4064 945 4104 ,
985 4039 1188 4109 quam
1222 4013 1363 4103 sol,
1407 4013 1684 4093 confert.
