2941 4807
502 382 616 456 378
956 387 1020 443 c.
1061 386 1290 444 mnu
1331 385 1528 446 mer.
1569 388 1744 444 MT.
1785 388 1926 452 Lm.
1954 389 2145 446 xvu.

499 511 743 582 robore
772 510 1061 606 depacto
1091 512 1238 586 fieri
1268 513 1511 608 jubent
1539 540 1555 587 τ
1591 515 1683 585 ita
1723 513 1865 586 fore
1898 541 1986 586 ne
2013 517 2457 588 innascantur
2488 517 2607 586 his

496 670 857 751 serpentes.
897 658 1161 764 Fimum
1203 660 1483 729 miscere
1524 673 1716 729 terrae
1735 712 1755 750 ,
1808 657 2175 755 plurimum
2213 658 2418 729 refert
2464 663 2600 728 Fa-

500 803 705 871 vonio
745 800 949 872 flante
970 855 989 891 ‚
1027 825 1106 872 ac
1137 801 1300 872 luna
1338 803 1626 873 sitiente.
1655 803 1736 872 Id
1766 799 2069 899 plerique
2096 823 2303 898 prave
2337 801 2598 872 intelli-

501 959 671 1041 gunt
723 970 764 1015 a
814 946 1092 1016 Favonii
1143 958 1298 1018 ortu
1361 946 1778 1037 faciendum,
1840 973 1921 1017 ac
1971 947 2311 1036 februario
2367 972 2600 1017 mense

505 1063 805 1162 tantum:
837 1116 1046 1190 quum
1075 1091 1147 1160 id
1169 1090 1488 1187 pleraque
1510 1055 1656 1162 sata
1681 1090 1828 1166 aliis
1858 1092 2201 1188 postulent
2223 1093 2601 1164 mensibus.

503 1236 954 1329 Quocumque
990 1251 1287 1332 tempore
1316 1235 1533 1312 faeere
1574 1236 1776 1310 libeat
1797 1290 1816 1327 ,
1853 1237 2227 1310 curandum
2259 1253 2343 1307 ut.
2365 1238 2452 1306 ab
2477 1262 2603 1307 oc-

506 1404 662 1449 casu
698 1379 1145 1474 aequinoctiali
1174 1380 1380 1451 flante
1414 1396 1616 1451 vento
1646 1382 1761 1451 fiat
1785 1434 1804 1470 ,
1839 1378 2130 1476 lunaque
2166 1382 2603 1457 decrescente

501 1548 579 1594 ac
612 1523 802 1595 sicca.
837 1527 1091 1596 Mirum
1119 1528 1194 1595 'in
1235 1526 1511 1594 modum
1548 1541 1838 1622 augetur
1880 1521 2149 1596 ubertas
2181 1524 2605 1619 effectusque

502 1669 644 1765 ejus
684 1669 1149 1742 observatione
1178 1669 1316 1741 tali.

1075 2357 1294 2429 Quibus
1327 2356 1515 2415 modis
1549 2356 1782 2415 arbores
1808 2355 2008 2414 ferant.

519 2564 540 2679 ἢ.
602 2586 725 2653 ΙΧ.
770 2607 875 2653 10.
914 2580 1201 2653 Abunde
1232 2580 1549 2677 praedicta
1583 2552 1842 2653 ratione
1875 2576 2015 2649 caeli
2046 2604 2123 2648 ac
2152 2594 2377 2666 terrae,
2413 2603 2604 2647 nunc

505 2728 590 2796 de
615 2727 723 2797 his
747 2725 1095 2795 arboribus
1129 2725 1441 2815 dicimus,
1469 2751 1618 2823 quae
1646 2749 1809 2796 cura
1840 2724 2194 2801 hominum
2225 2738 2427 2817 atque
2453 2739 2605 2792 arte

506 2869 930 2965 proveniunt.
974 2870 1118 2943 Nec
1168 2873 1488 2965 pauciora
1530 2896 1742 2966 prope
1778 2883 1937 2944 sunt
1974 2894 2257 2965 genera:
2300 2882 2438 2939 tam
2481 2869 2605 2939 be-

512 3016 713 3111 nigne
748 3030 1003 3085 natuvae
1043 3017 1326 3111 gratiam
1356 3015 1728 3087 retulimus.
1766 3019 1904 3087 Aut
1940 3016 2122 3085 enim
2156 3014 2407 3084 semine
2434 3037 2605 3107 pro-

510 3161 832 3252 veniunt,
880 3173 995 3229 aut
1030 3159 1275 3255 plantis
1312 3160 1552 3230 radicis
1573 3213 1592 3248 ‚
1631 3175 1749 3229 aut
1782 3160 2150 3254 propagine
2174 3211 2193 3248 ,
2226 3172 2354 3227 ‘aut
2408 3155 2604 3228 avul-

513 3304 732 3391 sione,
758 3319 874 3373 aut
898 3278 1165 3375 surculo
1190 3357 1212 3394 ,
1241 3321 1360 3376 aut
1385 3306 1587 3377 insito
1616 3320 1683 3373 et
1710 3319 2022 3377 consecto
2047 3304 2305 3373 arboris
2327 3318 2600 3383 trunco.

512 3451 690 3521 Nam
740 3448 899 3518 folia
948 3449 1322 3545 palmarum
1381 3449 1556 3544 apud
1617 3448 2018 3545 Babylonios
2060 3451 2227 3543 seri,
2264 3464 2468 3549 atque
2511 3450 2607 3518 ita

510 3596 819 3663 arborem
856 3596 1249 3689 provenire,
1286 3597 1584 3688 Trogum
1634 3593 1989 3663 credidisse
2029 3594 2342 3663 demiror.
2397 3595 2606 3683 Quae-

514 3740 670 3808 dam
714 3753 940 3809 autem
959 3737 1280 3833 ‘pluribus
1316 3739 1668 3833 generibus
1703 3753 2019 3808 seruntur
2039 3791 2059 3830 ,
2100 3738 2405 3833 quaedam
2457 3765 2609 3809 om-

516 3884 733 3973 nibus.
