2941 4807
460 452 538 524 ‘34
926 462 988 516 C.
1030 464 1260 518 PLINII
1304 462 1499 518 HIST.
1547 462 1713 518 NAT.
1759 464 1897 518 LIB.
1931 463 2087 518 XVI.

1248 851 1336 906 De
1364 852 1525 924 picea
1557 870 1569 904 τ
1613 850 1817 906 abiete.

556 1072 810 1138 XVIII.
865 1072 1058 1140 Picea
1108 1088 1370 1140 montes
1424 1086 1649 1156 amat,
1715 1085 1915 1162 atque
1967 1070 2217 1162 frigora
2269 1094 2283 1136 :
2347 1066 2567 1136 feralis

462 1214 703 1302 arbor,
744 1230 814 1282 et
850 1216 1120 1284 funebri
1162 1216 1410 1284 indicio
1454 1216 1539 1284 ad
1575 1214 1747 1282 fores
1797 1216 2059 1308 posita,
2105 1238 2181 1280 ac
2237 1214 2413 1306 rogis
2463 1214 2567 1290 vi÷

460 1384 614 1426 rens
646 1384 660 1426 :
694 1362 836 1452 jam
874 1374 1102 1428 tamen
1144 1376 1212 1428 et
1244 1364 1314 1428 in
1348 1362 1583 1428 domos
1625 1374 1927 1452 recepta,
1965 1356 2193 1426 tonsili
2227 1356 2561 1426 facilitate.

458 1510 616 1572 Haec
668 1504 1034 1598 plurimam
1084 1508 1370 1574 resinam
1426 1504 1693 1592 fundit,
1749 1506 2233 1572 interveniente
2283 1502 2565 1570 candida

462 1676 770 1744 gemma,
820 1666 958 1720 tam
998 1652 1200 1720 simili
1238 1654 1452 1720 thuris
1477 1704 1495 1740 ,
1543 1669 1619 1720 ut
1661 1654 1871 1720 mixta
1917 1652 2059 1718 visu
2101 1650 2385 1718 discerni
2425 1674 2565 1716 non

462 1808 718 1886 queat:
760 1794 942 1862 unde
984 1794 1168 1864 fraus
1208 1792 1541 1888 Seplasiae.

558 2274 890 2342 Omnibus
942 2276 1046 2344 his
1084 2276 1440 2370 generibus
1477 2274 1633 2342 folia
1673 2274 1859 2342 brevi
1897 2290 2035 2342 seta
2079 2288 2143 2342 et
2179 2274 2513 2340 crassiore
2541 2324 2559 2360 ‚

462 2419 794 2513 duraque,
830 2445 952 2487 ceu
990 2423 1340 2513 cupressis.
1386 2423 1597 2487 Piceae
1635 2421 1807 2487 rami
1843 2445 2029 2513 paene
2071 2419 2293 2487 statim
2331 2417 2415 2485 ab
2453 2441 2561 2485 ra-

460 2563 604 2631 dice
644 2563 928 2649 modici‚
970 2563 1154 2631 velut
1188 2563 1505 2651 brachia,
1551 2563 1869 2633 lateribus
1913 2565 2265 2631 inhaerent.
2317 2559 2561 2629 Simili-

458 2719 564 2773 ter
604 2705 834 2793 abieti,
872 2707 1176 2799 expetitae
1218 2705 1525 2799 navigiis,
1565 2705 1743 2771 Situs
1779 2705 1849 2771 in
1893 2703 2149 2772 excelso
2191 2703 2559 2791 montium,

460 2873 580 2917 ceu
618 2849 832 2917 maria
874 2849 1176 2943 sugeret:
1218 2875 1340 2917 nec
1384 2847 1603 2915 forma
1641 2847 1787 2916 alia.
1829 2849 2145 2917 Materies
2193 2873 2351 2915 vero
2393 2873 2561 2941 prae-

458 2997 656 3087 cipua
700 2995 1002 3061 trabibus
1028 3047 1046 3083 ‚
1088 3007 1154 3061 et
1190 2993 1495 3087 plurimis
1529 2995 1681 3061 vitae
1717 2993 2050 3085 operibus
2089 2993 2337 3061 Resina
2369 2993 2429 3058 ei
2461 2991 2561 3059 vi-

458 3139 628 3207 tium
656 3193 674 3229 ⁷
714 3139 892 3209 unde
926 3139 1186 3207 fructus
1218 3165 1390 3207 unus
1426 3141 1631 3233 piceae
1667 3165 1683 3205 z
1731 3139 2177 3231 exiguumque
2213 3137 2409 3207 sudat
2443 3135 2559 3205 ali-

458 3285 728 3375 quando
774 3299 1090 3353 contactu
1138 3281 1314 3351 solis.
1354 3286 1410 3351 E
1456 3283 1719 3351 diverso
1769 3283 2075 3351 materies
2103 3335 2121 3371 ‚
2173 3309 2317 3375 quae
2359 3281 2557 3349 abieti

458 3425 910 3523 pulcherrima
950 3429 1150 3523 piceae
1194 3427 1280 3495 ad
1324 3427 1559 3497 fissiles
1609 3427 2001 3517 scandulaS,
2049 3452 2385 3521 cupasque
2417 3481 2439 3517 ⁷
2493 3443 2561 3497 et

458 3597 670 3663 pauca
708 3569 838 3639 alia
882 3587 1276 3639 secamenta.
