2941 4807
507 389 583 449 58
987 395 1050 453 C.
1094 397 1326 453 PLINII
1365 396 1559 454 HIST.
1604 398 1779 454 NAT.
1819 399 1959 455 LIB.
1989 400 2147 456 XVI.

505 517 738 613 plana,
771 544 1054 610 cornus,
1091 521 1386 616 corylus,
1421 548 1744 616 quercuS‚
1769 549 2019 613 ornus,
2049 549 2223 614 acer,
2258 524 2593 611 fraxinuS,

504 664 695 759 fagus
722 714 741 752 ,
783 665 1121 760 carpinus,
1165 665 1470 734 Subeunt
1515 681 1583 736 et
1619 667 1689 733 in
1725 681 2079 737 montuosa
2100 720 2119 754 ,
2160 665 2421 753 ulmus,
2454 692 2596 736 ma-

508 807 652 894 luS‚
710 810 937 903 pirus,
978 808 1206 879 laurus
1231 862 1250 897 ‚
1310 827 1568 906 myrtus
1592 863 1611 901 ,
1662 813 2009 908 sanguinei
2062 811 2339 882 frutices
2363 864 2383 901 ‚
2425 810 2596 900 ilex,

507 955 1025 1049 tinguendisque
1057 954 1358 1024 vestibus
1396 969 1748 1025 nascentes
1788 958 2082 1052 genistae.
2110 955 2380 1026 Gaudet
2409 956 2598 1052 frigi-

511 1098 612 1168 dis
661 1100 897 1169 sorbus
926 1152 944 1188 ,
985 1114 1053 1177 et
1091 1103 1303 1196 magis
1342 1102 1544 1171 etiam
1590 1099 1863 1170 betulla.
1917 1098 2175 1171 Gallica
2223 1101 2363 1170 haec
2400 1101 2600 1197 arbor

513 1241 803 1312 mirabili
859 1242 1151 1313 candore
1212 1258 1412 1337 atque
1465 1246 1791 1313 tenuitate
1813 1294 1832 1331 ,
1877 1242 2191 1313 terribilis
2248 1246 2599 1339 magistra-

514 1401 706 1454 tuum
741 1386 966 1481 virgiS.
1009 1385 1262 1454 Eadem
1291 1383 1558 1454 circulis
1593 1384 1829 1453 flexilis
1852 1436 1870 1472 ,
1908 1387 2068 1454 item
2110 1386 2413 1455 corbium
2454 1411 2599 1455 cos-

512 1531 617 1598 tis.
668 1530 976 1599 Bitumen
1024 1555 1105 1598 ex
1147 1554 1225 1597 ea
1265 1526 1502 1622 Galliae
1546 1543 1947 1622 excoquunt.
1997 1531 2078 1597 In
2123 1527 2391 1598 eosdem
2433 1531 2602 1599 situs

513 1674 875 1744 comitatur
909 1688 976 1742 et
1011 1675 1238 1768 spina,
1291 1674 1684 1767 nuptiarum
1726 1673 1983 1743 facibus
2032 1674 2559 1767 auspicatissima
2581 1725 2602 1764 ‚

514 1820 836 1914 quoniam
877 1818 1034 1887 inde
1068 1817 1346 1887 fecerint
1387 1832 1688 1912 pastores
1721 1818 1837 1910 qui
1866 1832 2237 1912 rapuerunt
2279 1818 2560 1888 Sabinas
2581 1873 2603 1906 ‚

518 1980 595 2035 ut
631 1977 866 2033 auctor
899 1978 997 2032 est
1031 1964 1390 2032 Masurius·
1434 1964 1633 2035 Nunc
1666 1962 1921 2032 facibus
1961 1963 2273 2060 carpinus
2307 1976 2374 2032 et
2408 1988 2596 2059 cory-

510 2106 616 2178 lus
651 2106 1199 2178 familiarissimae.

799 2681 944 2749 Quae
978 2680 1243 2735 siccaneae
1270 2699 1284 2733 t
1313 2697 1437 2753 quae
1469 2680 1739 2754 aquaticae
1768 2699 1783 2734 ε
1818 2698 1943 2753 quae
1970 2695 2317 2734 communes.

605 2928 858 2996 XXXI.
896 2928 1121 3021 Aquas
1177 2928 1377 2997 odere
1419 2930 1758 3024 cupressi,
1791 2925 2147 3023 juglandes
2173 2978 2192 3015 ‚
2238 2936 2560 2994 castaneae
2591 2973 2611 3005 ‚

516 3060 896 3133 laburnum.
934 3063 1180 3158 Alpina
1206 3052 1293 3166 ‚et
1336 3065 1481 3134 haec
1524 3065 1759 3153 arbor,
1793 3089 1915 3133 nee
1955 3061 2163 3157 vulgo
2202 3075 2402 3146 nota,
2444 3058 2614 3127 dura

514 3226 591 3270 ae
624 3201 908 3271 candida
952 3203 1263 3290 materie,
1298 3204 1491 3296 cujus
1514 3202 1767 3298 ‚florem
1803 3199 2164 3272 cubitalem
2194 3197 2614 3295 longitudine

515 3365 671 3434 apes
699 3365 838 3409 non
874 3340 1252 3435 adtingunt.
1281 3340 1447 3410 Odit
1469 3354 1538 3409 et
1570 3365 1718 3434 quae
1752 3337 2132 3434 appellatur
2161 3341 2201 3407 J
2202 3338 2347 3406 ovis
2374 3335 2614 3423 barba,

519 3478 590 3546 in
636 3500 840 3571 opere
890 3477 1180 3571 topiario
1236 3475 1499 3545 tonsilis
1523 3527 1541 3564 ,
1599 3491 1666 3544 et
1705 3476 1774 3544 in
1830 3473 2315 3544 rotunditatem
2367 3474 2575 3567 spissa
2595 3523 2616 3560 ‚

516 3629 834 3711 argenteo
872 3613 1051 3683 folio.
1093 3615 1253 3686 Non
1293 3614 1423 3682 nisi
1456 3614 1527 3682 in
1582 3615 1848 3707 aquosis
1886 3612 2297 3706 proveniunt
2344 3609 2575 3679 salices
2597 3661 2616 3696 ‚

521 3751 690 3844 alni,
723 3751 992 3848 populi,
1029 3750 1207 3842 siler,
1242 3752 1524 3848 ligustra
1556 3752 1819 3821 tesseris
1850 3747 2224 3819 utilissima.
2262 3752 2437 3817 Item
2468 3773 2619 3818 vae-

523 3892 732 3980 cinia‚
758 3890 965 3960 Italiae
1003 3891 1378 3985 mancupiis
1399 3905 1580 3984 sata:
1610 3886 1847 3959 Galliae
1883 3913 2042 3957 vero
2071 3889 2272 3957 etiam
2298 3910 2618 3981 purpurae

515 4027 848 4123 tingendas
940 4053 1136 4098 causa
1216 4026 1300 4097 ad
1340 4028 1782 4096 servitiorum
1853 4040 2085 4094 vestes,
2164 4026 2622 4117 Quaecumque
