2941 4807
529 412 641 470 352
973 415 1035 471 C.
1079 415 1312 470 PLINII
1353 413 1543 469 HIST.
1589 414 1758 471 NAT.
1802 415 1944 471 LIB.
1976 416 2162 471 XVII.

531 562 720 611 casus
741 593 761 629 ,
795 540 902 610 vel
940 542 1141 611 etiam
1173 540 1258 611 ad
1297 543 1785 636 septentriones
1813 593 1833 629 ,
1869 556 1945 611 ut
1992 540 2246 612 diutius
2281 566 2363 611 eo
2399 542 2630 611 fruan-

536 701 665 755 tur.
720 687 942 757 Ceteri
977 685 1115 756 fere
1164 688 1493 756 rationem
1537 702 1794 756 naturae
1837 689 2078 778 secuti,
2115 689 2185 757 in
2222 687 2632 783 Aquilonem

457 844 464 852 '
538 831 851 909 obversas
872 833 1039 900 vites
1059 845 1127 899 et
1151 833 1425 900 arbores
1437 829 1609 925 'poni
1633 855 1935 901 suasere:
1961 831 2411 903 odoratiorem
2427 834 2634 902 etiam

539 975 681 1046 fieri
720 974 917 1047 talem
959 975 1252 1047 fructum
1287 977 1719 1047 Democritus
1760 992 1972 1073 putat.

641 1494 708 1576 4.
752 1487 1109 1583 Aquilonis
1157 1492 1359 1560 situm
1381 1542 1400 1580 ,
1448 1504 1939 1583 ventorumque
1975 1487 2424 1583 reliquorum,
2465 1489 2642 1558 dixi-

544 1659 694 1703 mus
727 1633 1021 1704 secundo
1053 1632 1395 1703 volumine
1416 1686 1438 1724 ‚
1476 1633 1906 1727 dicemusque
1943 1632 2251 1728 proximo
2284 1632 2479 1727 plura
2519 1659 2649 1702 cae-

547 1778 753 1847 lestia.
781 1779 1059 1848 Interim
1088 1778 1518 1852 manifestum
1540 1775 1825 1846 'videtur
1851 1758 2258 1846 salubritatis
2291 1802 2653 1872 argumen-

545 1938 692 1993 tum
725 1974 745 2007 ‚
795 1924 1111 2016 quoniam
1155 1923 1224 1990 in
1262 1921 1610 1992 meridiem
1652 1920 1854 1991 etiam
1892 1923 2339 2016 spectantium
2373 1946 2648 2017 semper

549 2082 705 2136 ante
745 2065 1052 2136 decidant
1090 2063 1268 2134 folia.

652 2234 900 2305 Similis
930 2245 1002 2305 'et
1037 2237 1104 2304 in
1140 2236 1496 2305 maritimis
1532 2259 1751 2305 causa.
1786 2233 2215 2323 Quibusdam
2244 2234 2407 2305 locis
2441 2235 2652 2306 adfla-

549 2397 661 2452 tus
693 2383 897 2451 maris
937 2381 1165 2467 noxii,
1219 2381 1290 2448 in
1327 2376 1633 2475 plurimis
1682 2377 1885 2449 iidem
1934 2376 2129 2449 utiles
2171 2406 2203 2478 τι
2237 2380 2649 2475 quibusdam

554 2529 712 2598 satis
740 2552 778 2595 e
813 2524 1184 2621 longinquo
1212 2525 1504 2620 aspicere
1536 2524 1748 2593 maria
1767 2491 2179 2618 jucundum:
2211 2525 2488 2620 propius
2521 2525 2649 2594 ad-

557 2669 812 2738 moveri
850 2670 1009 2738 satis
1051 2664 1338 2739 halitum
1359 2719 1380 2757 ,
1427 2666 1683 2738 inutile.
1726 2664 1975 2746 Similis
2013 2682 2083 2737 et
2117 2667 2472 2738 fluminum
2511 2684 2651 2740 sta-

552 2837 974 2909 gnorumque
1016 2811 1211 2881 ratio·
1264 2810 1545 2881 Nebulis
1588 2810 1887 2880 adurunt
1907 2862 1928 2899 ‚
1971 2825 2091 2880 aut
2144 2810 2495 2882 aestuantia
2538 2837 2651 2883 re-

559 2957 902 3053 frigerant.
947 2957 1306 3051 Opacitate
1333 3008 1353 3043 ,
1399 2970 1604 3050 atque
1636 2955 1836 3024 etiam
1877 2954 2097 3050 rigore
2126 2955 2425 3050 gaudent*
2439 3009 2460 3045 ‚
2498 2980 2651 3051 quae

557 3103 864 3173 diximus.
897 3102 1129 3190 Quare
1171 3100 1644 3198 experimentis
1678 3100 1935 3194 optime
1970 3098 2286 3170 creditur.

1270 3822 1469 3894 Qualis
1513 3834 1665 3879 terra
1700 3818 1932 3896 optima.

663 4052 785 4118 III.
816 4051 875 4119 A
902 4043 1063 4116 caelo
1091 4046 1466 4140 proximum
1488 4057 1586 4113 est
1611 4058 1804 4112 terrae
1827 4041 2070 4111 dixisse
2092 4038 2445 4128 rationem,
2470 4037 2653 4110 haud
