2941 4807
467 497 539 534 22
955 479 1017 533 C.
1058 477 1293 531 PLINII
1334 474 1528 530 HIST.
1573 473 1744 528 NAT.
1789 473 1927 528 LIB.
1957 473 2119 527 XVI.

462 617 727 697 gustam
752 655 769 690 ,
808 601 1122 687 nitidam,
1158 601 1541 694 strigosam,
1580 597 2023 692 ponderosam
2053 623 2068 663 ε
2106 619 2389 688 querna,
2424 594 2545 662 dif-

464 745 680 813 fusam
717 770 733 812 :
772 744 1163 838 gravissima
1200 757 1265 809 et
1310 743 1451 835 ipsa
1485 739 1874 834 glandium,
1918 742 2119 833 a'tque
2155 737 2549 807 dulcissima.

465 891 848 958 Proximam
897 888 1059 956 huic
1112 911 1406 955 cerream
1451 885 1654 953 tradit
1709 885 2063 979 Nigidius,
2121 909 2243 952 nec
2290 908 2372 952 ex
2427 882 2554 952 alia

469 1031 850 1101 solidiorem
879 1056 1183 1118 carnem,
1207 1030 1318 1098 sed
1347 1030 1604 1098 duram.
1630 1034 1819 1097 Hanc
1849 1030 2272 1097 novissimam
2299 1027 2553 1096 cadere.

467 1181 847 1272 Fungosam
881 1201 1152 1268 carnem
1184 1175 1325 1242 fieri
1360 1173 1588 1244 esculo
1617 1225 1637 1261 ,
1678 1175 1958 1262 robore,
1991 1175 2244 1245 subere.

1373 1797 1459 1852 De
1492 1797 1657 1870 galla.

569 2020 687 2086 IX.
735 2020 908 2107 Quae
963 2016 1273 2113 glandem
1315 2017 1582 2101 ferunt,
1642 2042 1873 2087 omnes
1911 2033 1978 2086 et
2028 2015 2267 2112 gallam
2294 2068 2313 2104 ,
2355 2013 2560 2084 alter-

472 2163 709 2254 nisque
743 2161 937 2229 annis
976 2160 1303 2255 glandem.
1344 2161 1475 2231 Sed
1514 2160 1755 2257 gallam
1788 2162 2072 2230 hemeris
2108 2161 2459 2255 optimam,
2497 2174 2561 2226 et

474 2303 677 2372 coriis
730 2303 1152 2399 perficiendis
1202 2305 1633 2399 aptissimam.
1677 2303 1980 2373 Similem
2033 2305 2192 2373 huic
2231 2301 2514 2372 latifolia
2543 2356 2561 2382 ,

474 2447 586 2516 sed
613 2447 946 2517 laeviorem
961 2502 979 2534 ,
1002 2448 1348 2541 multoque
1368 2449 1589 2516 minus
1618 2449 1985 2541 probatam.
2009 2453 2163 2517 Fert
2187 2463 2253 2517 et
2275 2450 2555 2544 nigram.

472 2593 628 2660 Duo
670 2593 845 2659 enim
887 2616 1129 2687 genera
1167 2606 1342 2660 sunt.
1381 2592 1907 2686 Haectingeudis
1941 2591 2192 2662 utilior.

576 2972 639 3041 7.
696 2946 1012 3017 Nascitur
1065 2960 1291 3014 autem
1342 2943 1518 3039 galla
1570 2943 1707 3013 sole
1757 2944 1839 3012 de
1878 2945 2185 3014 Geminis
2229 2907 2514 3015 exeunte
2544 3002 2565 3033 ,

474 3114 832 3183 erumpens
874 3105 1079 3159 noctu
1115 3115 1370 3183 semper
1411 3090 1741 3158 universa.
1790 3089 2041 3158 Crescit
2080 3114 2215 3157 uno
2254 3089 2360 3158 die
2400 3116 2562 3159 can·

475 3232 715 3302 didior.
749 3237 839 3303 Et
882 3234 936 3301 si
974 3247 1138 3302 aestu
1177 3246 1452 3325 excepta
1486 3246 1586 3300 est
1612 3282 1630 3319 ,
1678 3232 1919 3300 arescit
1960 3234 2266 3326 protinus
2289 3285 2307 3320 ,
2351 3259 2569 3327 neque

473 3376 557 3444 ad
585 3379 843 3470 justum
877 3377 1363 3445 incrementum
1402 3376 1704 3468 pervenit
1740 3401 1756 3442 :
1791 3375 1920 3443 hoc
1955 3390 2090 3464 est,
2139 3390 2213 3444 ut
2250 3376 2561 3446 nucleum

472 3518 636 3587 fabae
670 3518 1134 3612 magnitudine
1163 3519 1427 3585 habeat.
1481 3519 1691 3612 Nigra
1736 3518 1987 3587 diutius
2020 3520 2233 3587 viret:
2289 3522 2560 3589 crescit-

472 3689 634 3758 que,
670 3678 744 3731 ut
775 3662 1114 3731 interdum
1146 3660 1303 3731 mali
1338 3660 1673 3756 compleat
1702 3662 2252 3756 magnitudinem.
2287 3665 2560 3758 Optima

472 3791 960 3901 Commagena,
1003 3805 1360 3874 deterrima
1403 3831 1484 3873 ex
1522 3806 1779 3873 robore.
1819 3806 2096 3900 Signum
2137 3808 2322 3900 ejuS,
2378 3808 2559 3900 quod
2636 3881 2644 3888 ,

473 3973 767 4017 cavernae
805 3946 1239 4016 translucent.
1270 4029 1274 4036 ,
