2941 4807
554 426 627 476 70
984 428 985 431 ’
1036 411 1099 466 C.
1142 411 1372 466 PLrNH
1412 411 1605 469 HIST.
1649 411 1825 467 NAT.
1866 411 2008 466 LIB.
2034 411 2188 466 XVI.

553 536 784 603 tantia.
827 539 974 605 Jam
1016 550 1084 606 et
1132 538 1200 605 in
1247 560 1450 631 pomo
1489 538 1676 631 ipsc,
1716 537 1875 605 maii
1916 537 2207 630 quodam
2247 537 2320 604 in
2356 559 2635 630 genere,

552 702 759 771 parva
788 679 1024 749 mediis
1053 676 1348 751 emicant
1370 679 1562 768 folia,
1588 681 1853 751 interim
1889 696 1956 751 et
1987 682 2267 776 gemina.
2308 682 2636 749 Praeterea

554 823 699 893 aliis
727 824 905 893 circa
930 849 1181 911 ramOS,
1211 822 1360 893 aliis
1397 839 1464 893 et
1492 825 1560 892 in
1588 826 1932 894 cacumine
1956 850 2334 895 ramorum:
2363 824 2635 911 robori,

556 984 624 1038 et
659 971 728 1038 in
765 967 1039 1039 caudice
1076 969 1242 1062 ipso.
1292 971 1439 1035 Jam
1485 966 1729 1054 densa,
1772 991 1849 1035 ac
1886 993 2033 1036 rara
2070 991 2459 1062 semperque
2504 965 2639 1034 lata

556 1114 830 1182 rariora.
893 1113 1234 1207 Disposita
1292 1127 1516 1205 myrto
1537 1164 1555 1197 ,
1621 1136 1910 1181 concava
1975 1112 2155 1180 buxo
2182 1163 2201 1200 ,
2260 1110 2640 1180 inordinata

557 1260 795 1353 pomis.
841 1253 1045 1325 Plura
1093 1255 1326 1326 eodem
1382 1255 1693 1350 pediculo
1730 1256 2038 1325 exeuntia
2081 1253 2273 1324 malis
2319 1256 2638 1349 pirisque.

558 1401 922 1471 Ramulosa
957 1398 1141 1469 ulmo
1165 1452 1184 1487 ,
1221 1416 1288 1468 et
1313 1402 1543 1494 cytiso.
1573 1400 1839 1502 Quibus
1866 1398 2096 1492 adjicit
2123 1402 2292 1468 Cato
2329 1398 2643 1484 decidua,

541 1547 848 1644 -populea
890 1571 1316 1641 quernaque,
1361 1544 1758 1615 animalibus
1793 1548 2038 1641 jubens
2087 1546 2230 1616 dari
2268 1573 2405 1616 non
2443 1573 2644 1643 pera·

563 1694 708 1763 rida
737 1720 752 1762 z
793 1693 1012 1763 bubus
1037 1692 1308 1787 quidem
1348 1707 1414 1760 et
1445 1689 1760 1781 ficulnea,
1796 1691 2133 1789 ilignaque
2153 1745 2171 1780 ,
2201 1708 2269 1761 et
2303 1692 2645 1762 ederacea.

560 1844 830 1909 Dantur
867 1851 934 1905 et
969 1862 1050 1904 ex
1093 1835 1417 1904 arundine
1444 1888 1463 1923 ,
1504 1861 1579 1904 ac
1623 1834 1832 1904 lauru.
1871 1835 2210 1904 Decidunt
2252 1838 2451 1907 sorbo
2489 1839 2644 1906 uni·

565 2008 786 2072 versa,
823 1983 1056 2052 ceteris
1088 1979 1428 2073 paulatim.
1477 1984 1565 2050 Et
1599 1980 1680 2048 de
1712 1979 1884 2049 foliis
1917 1981 2257 2050 hactenus.

1263 3413 1425 3476 Ordo
1462 3427 1676 3474 naturae
1706 3417 1768 3472 in
1806 3412 1953 3472 satiS.

664 3639 987 3711 XXXIX.
1021 3637 1130 3711 25.
1160 3640 1351 3712 Ordo
1383 3654 1608 3709 autem
1636 3652 1891 3707 naturae
1915 3659 2178 3704 annuus
2212 3633 2301 3700 ita
2328 3654 2397 3700 se
2421 3629 2648 3697 habet.

570 3781 834 3850 Primus
867 3795 968 3848 est
1007 3793 1366 3874 conceptus
1389 3830 1408 3863 ,
1453 3776 1613 3845 flare
1665 3776 2026 3871 incipiente
2067 3786 2270 3842 vento
2315 3768 2613 3837 Favonio
2634 3813 2655 3851 ,

571 3920 835 3989 circiter
875 3917 1010 3987 fere
1043 3931 1305 3986 sextum
1356 3914 1504 3985 idus
1542 3913 1880 3984 februarii.
1918 3915 2064 3980 Hoc
2098 3910 2500 3979 maritantur
2547 3905 2651 4006 vi·

572 4054 902 4125 vescentia
929 4079 967 4122 e
993 4068 1206 4122 terra:
1236 4052 1488 4146 quippe
1516 4074 1724 4144 quum
1753 4049 1952 4117 etiam
1981 4071 2165 4140 equae
2198 4046 2266 4113 in
2300 4043 2652 4137 Hispania,
