<?xml version="1.0" encoding="UTF-8"?>
<!DOCTYPE html PUBLIC "-//W3C//DTD XHTML 1.0 Transitional//EN"
    "http://www.w3.org/TR/xhtml1/DTD/xhtml1-transitional.dtd">
<html xmlns="http://www.w3.org/1999/xhtml" xml:lang="en" lang="en">
 <head>
  <title>
</title>
<meta http-equiv="Content-Type" content="text/html;charset=utf-8" />
  <meta name='ocr-system' content='tesseract 3.04.00' />
  <meta name='ocr-capabilities' content='ocr_page ocr_carea ocr_par ocr_line ocrx_word'/>
</head>
<body>
  <div class='ocr_page' id='page_1' title='image "./histoirenaturel00grangoog_0172.png"; bbox 0 0 2941 4807; ppageno 0'>
   <div class='ocr_carea' id='block_1_1' title="bbox 513 348 2150 435">
    <p class='ocr_par' dir='ltr' id='par_1_1' title="bbox 513 348 2150 435">
     <span class='ocr_line' id='line_1_1' title="bbox 513 348 2150 435; baseline 0.001 -5"><span class='ocrx_word' id='word_1_1' title='bbox 513 373 621 431; x_wconf 87' lang='lat'><strong>162</strong></span> <span class='ocrx_word' id='word_1_2' title='bbox 1003 379 1066 433; x_wconf 79' lang='lat' dir='ltr'><strong>c,</strong></span> <span class='ocrx_word' id='word_1_3' title='bbox 1107 348 1342 434; x_wconf 77' lang='lat' dir='ltr'><strong>PLIN&#39;n</strong></span> <span class='ocrx_word' id='word_1_4' title='bbox 1381 379 1573 435; x_wconf 79' lang='lat' dir='ltr'><strong>ffls&#39;r.</strong></span> <span class='ocrx_word' id='word_1_5' title='bbox 1616 377 1785 433; x_wconf 79' lang='lat' dir='ltr'><strong>NAT.</strong></span> <span class='ocrx_word' id='word_1_6' title='bbox 1828 379 1966 433; x_wconf 77' lang='lat' dir='ltr'><strong>Lm.</strong></span> <span class='ocrx_word' id='word_1_7' title='bbox 1992 374 2150 433; x_wconf 87' lang='lat' dir='ltr'><strong>xv1.</strong></span> 
     </span>
    </p>
   </div>
   <div class='ocr_carea' id='block_1_2' title="bbox 509 500 2631 2759">
    <p class='ocr_par' dir='ltr' id='par_1_2' title="bbox 509 500 2631 2759">
     <span class='ocr_line' id='line_1_2' title="bbox 604 500 2594 597; baseline -0.003 -28"><span class='ocrx_word' id='word_1_8' title='bbox 604 503 667 569; x_wconf 91' lang='lat' dir='ltr'>A</span> <span class='ocrx_word' id='word_1_9' title='bbox 701 501 1035 595; x_wconf 86' lang='lat' dir='ltr'><strong>praedictis</strong></span> <span class='ocrx_word' id='word_1_10' title='bbox 1070 527 1298 577; x_wconf 86' lang='lat' dir='ltr'><strong>morus</strong></span> <span class='ocrx_word' id='word_1_11' title='bbox 1345 503 1649 597; x_wconf 80' lang='lat' dir='ltr'>proxime</span> <span class='ocrx_word' id='word_1_12' title='bbox 1686 500 2032 588; x_wconf 85' lang='lat' dir='ltr'><strong>laudatur,</strong></span> <span class='ocrx_word' id='word_1_13' title='bbox 2075 524 2225 594; x_wconf 81' lang='lat' dir='ltr'><strong>quae</strong></span> <span class='ocrx_word' id='word_1_14' title='bbox 2261 510 2594 567; x_wconf 84' lang='lat' dir='ltr'><strong>vetustate</strong></span> 
     </span>
     <span class='ocr_line' id='line_1_3' title="bbox 510 642 2597 740; baseline -0.003 -28"><span class='ocrx_word' id='word_1_15' title='bbox 510 644 708 721; x_wconf 85' lang='lat' dir='ltr'><strong>etiam</strong></span> <span class='ocrx_word' id='word_1_16' title='bbox 747 645 1076 739; x_wconf 80' lang='lat' dir='ltr'>nigrescit.</span> <span class='ocrx_word' id='word_1_17' title='bbox 1137 648 1226 714; x_wconf 89' lang='lat' dir='ltr'><strong>Et</strong></span> <span class='ocrx_word' id='word_1_18' title='bbox 1258 645 1560 738; x_wconf 81' lang='lat' dir='ltr'><strong>quaedam</strong></span> <span class='ocrx_word' id='word_1_19' title='bbox 1606 660 1825 714; x_wconf 79' lang='lat' dir='ltr'><strong>tamen</strong></span> <span class='ocrx_word' id='word_1_20' title='bbox 1878 646 1979 740; x_wconf 46' lang='lat' dir='ltr'><strong>in·¹</strong></span> <span class='ocrx_word' id='word_1_21' title='bbox 1996 643 2142 713; x_wconf 88' lang='lat' dir='ltr'><strong>aliis</strong></span> <span class='ocrx_word' id='word_1_22' title='bbox 2176 642 2597 712; x_wconf 81' lang='lat' dir='ltr'><strong>diuturniora</strong></span> 
     </span>
     <span class='ocr_line' id='line_1_4' title="bbox 512 762 2599 883; baseline -0.002 -28"><span class='ocrx_word' id='word_1_23' title='bbox 512 788 667 855; x_wconf 81' lang='lat' dir='ltr'><strong>&#39;sunt</strong></span> <span class='ocrx_word' id='word_1_24' title='bbox 706 787 935 857; x_wconf 88' lang='lat' dir='ltr'><strong>usibus</strong></span> <span class='ocrx_word' id='word_1_25' title='bbox 978 813 1180 881; x_wconf 88' lang='lat' dir='ltr'><strong>quam</strong></span> <span class='ocrx_word' id='word_1_26' title='bbox 1224 787 1371 857; x_wconf 91' lang='lat' dir='ltr'><strong>alia.</strong></span> <span class='ocrx_word' id='word_1_27' title='bbox 1408 762 1649 859; x_wconf 79' lang='lat' dir='ltr'><strong>Ulmus</strong></span> <span class='ocrx_word' id='word_1_28' title='bbox 1689 788 2084 883; x_wconf 66' lang='lat' dir='ltr'><strong>in&#39;perssatu</strong></span> <span class='ocrx_word' id='word_1_29' title='bbox 2115 786 2346 871; x_wconf 86' lang='lat' dir='ltr'><strong>firma,</strong></span> <span class='ocrx_word' id='word_1_30' title='bbox 2389 784 2599 852; x_wconf 90' lang='lat' dir='ltr'><strong>robur</strong></span> 
     </span>
     <span class='ocr_line' id='line_1_5' title="bbox 510 929 2600 1027; baseline -0.001 -29"><span class='ocrx_word' id='word_1_31' title='bbox 510 929 881 1015; x_wconf 88' lang='lat' dir='ltr'><strong>defossum,</strong></span> <span class='ocrx_word' id='word_1_32' title='bbox 915 946 983 1000; x_wconf 85' lang='lat' dir='ltr'><strong>et</strong></span> <span class='ocrx_word' id='word_1_33' title='bbox 1015 935 1087 1000; x_wconf 91' lang='lat' dir='ltr'><strong>in</strong></span> <span class='ocrx_word' id='word_1_34' title='bbox 1116 935 1306 1027; x_wconf 88' lang='lat' dir='ltr'><strong>aquis</strong></span> <span class='ocrx_word' id='word_1_35' title='bbox 1342 958 1631 1027; x_wconf 89' lang='lat' dir='ltr'><strong>quercus</strong></span> <span class='ocrx_word' id='word_1_36' title='bbox 1663 934 1923 1002; x_wconf 88' lang='lat' dir='ltr'><strong>obruta.</strong></span> <span class='ocrx_word' id='word_1_37' title='bbox 1950 931 2200 1001; x_wconf 89' lang='lat' dir='ltr'><strong>Eadem</strong></span> <span class='ocrx_word' id='word_1_38' title='bbox 2231 953 2432 1024; x_wconf 89' lang='lat' dir='ltr'><strong>supra</strong></span> <span class='ocrx_word' id='word_1_39' title='bbox 2467 943 2600 997; x_wconf 90' lang='lat' dir='ltr'><strong>ter-</strong></span> 
     </span>
     <span class='ocr_line' id='line_1_6' title="bbox 510 1073 2604 1173; baseline -0 -32"><span class='ocrx_word' id='word_1_40' title='bbox 510 1099 655 1142; x_wconf 91' lang='lat' dir='ltr'><strong>ram</strong></span> <span class='ocrx_word' id='word_1_41' title='bbox 706 1078 951 1146; x_wconf 90' lang='lat' dir='ltr'><strong>rimosa</strong></span> <span class='ocrx_word' id='word_1_42' title='bbox 991 1078 1149 1148; x_wconf 87' lang='lat' dir='ltr'><strong>facit</strong></span> <span class='ocrx_word' id='word_1_43' title='bbox 1184 1104 1388 1173; x_wconf 91' lang='lat' dir='ltr'><strong>opera</strong></span> <span class='ocrx_word' id='word_1_44' title='bbox 1407 1132 1428 1165; x_wconf 93' lang='lat'>‚</span> <span class='ocrx_word' id='word_1_45' title='bbox 1467 1078 1846 1173; x_wconf 88' lang='lat' dir='ltr'><strong>torquendo</strong></span> <span class='ocrx_word' id='word_1_46' title='bbox 1894 1100 2052 1147; x_wconf 90' lang='lat' dir='ltr'><strong>sese.</strong></span> <span class='ocrx_word' id='word_1_47' title='bbox 2104 1076 2307 1144; x_wconf 82' lang='lat' dir='ltr'>Larix</span> <span class='ocrx_word' id='word_1_48' title='bbox 2353 1074 2426 1142; x_wconf 91' lang='lat' dir='ltr'><strong>in</strong></span> <span class='ocrx_word' id='word_1_49' title='bbox 2473 1073 2604 1141; x_wconf 91' lang='lat' dir='ltr'><strong>hu-</strong></span> 
     </span>
     <span class='ocr_line' id='line_1_7' title="bbox 509 1219 2609 1317; baseline -0 -30"><span class='ocrx_word' id='word_1_50' title='bbox 509 1243 696 1291; x_wconf 90' lang='lat' dir='ltr'><strong>more</strong></span> <span class='ocrx_word' id='word_1_51' title='bbox 734 1224 1068 1316; x_wconf 81' lang='lat' dir='ltr'><strong>praecipua</strong></span> <span class='ocrx_word' id='word_1_52' title='bbox 1088 1275 1108 1310; x_wconf 86' lang='lat'>,</span> <span class='ocrx_word' id='word_1_53' title='bbox 1140 1238 1205 1292; x_wconf 87' lang='lat' dir='ltr'><strong>et</strong></span> <span class='ocrx_word' id='word_1_54' title='bbox 1228 1223 1419 1294; x_wconf 87' lang='lat' dir='ltr'><strong>aluus</strong></span> <span class='ocrx_word' id='word_1_55' title='bbox 1467 1226 1680 1317; x_wconf 85' lang='lat' dir='ltr'><strong>nigra.</strong></span> <span class='ocrx_word' id='word_1_56' title='bbox 1706 1219 1941 1293; x_wconf 85' lang='lat' dir='ltr'>Robur</span> <span class='ocrx_word' id='word_1_57' title='bbox 1968 1222 2228 1291; x_wconf 89' lang='lat' dir='ltr'><strong>marina</strong></span> <span class='ocrx_word' id='word_1_58' title='bbox 2258 1245 2433 1312; x_wconf 91' lang='lat' dir='ltr'><strong>aqua</strong></span> <span class='ocrx_word' id='word_1_59' title='bbox 2459 1242 2609 1287; x_wconf 90' lang='lat' dir='ltr'><strong>cor-</strong></span> 
     </span>
     <span class='ocr_line' id='line_1_8' title="bbox 510 1364 2605 1462; baseline 0.001 -31"><span class='ocrx_word' id='word_1_60' title='bbox 510 1366 867 1459; x_wconf 82' lang='lat' dir='ltr'><strong>rumpitur.</strong></span> <span class='ocrx_word' id='word_1_61' title='bbox 896 1368 1055 1437; x_wconf 88' lang='lat' dir='ltr'><strong>Non</strong></span> <span class='ocrx_word' id='word_1_62' title='bbox 1086 1369 1506 1462; x_wconf 83' lang='lat' dir='ltr'><strong>improbatur</strong></span> <span class='ocrx_word' id='word_1_63' title='bbox 1540 1384 1607 1438; x_wconf 93' lang='lat' dir='ltr'><strong>et</strong></span> <span class='ocrx_word' id='word_1_64' title='bbox 1629 1367 1820 1462; x_wconf 86' lang='lat' dir='ltr'><strong>fagus</strong></span> <span class='ocrx_word' id='word_1_65' title='bbox 1854 1367 1924 1435; x_wconf 88' lang='lat' dir='ltr'><strong>in</strong></span> <span class='ocrx_word' id='word_1_66' title='bbox 1961 1391 2134 1461; x_wconf 92' lang='lat' dir='ltr'><strong>aqua</strong></span> <span class='ocrx_word' id='word_1_67' title='bbox 2159 1418 2178 1455; x_wconf 86' lang='lat'>,</span> <span class='ocrx_word' id='word_1_68' title='bbox 2203 1379 2273 1434; x_wconf 89' lang='lat' dir='ltr'><strong>et</strong></span> <span class='ocrx_word' id='word_1_69' title='bbox 2296 1364 2605 1460; x_wconf 84' lang='lat' dir='ltr'><strong>juglans:</strong></span> 
     </span>
     <span class='ocr_line' id='line_1_9' title="bbox 511 1506 2631 1606; baseline 0 -29"><span class='ocrx_word' id='word_1_70' title='bbox 511 1506 616 1577; x_wconf 62' lang='lat' dir='ltr'><strong>ha}</strong></span> <span class='ocrx_word' id='word_1_71' title='bbox 651 1510 920 1603; x_wconf 90' lang='lat' dir='ltr'><strong>quidem</strong></span> <span class='ocrx_word' id='word_1_72' title='bbox 969 1513 1038 1579; x_wconf 91' lang='lat' dir='ltr'><strong>in</strong></span> <span class='ocrx_word' id='word_1_73' title='bbox 1091 1512 1196 1582; x_wconf 88' lang='lat' dir='ltr'><strong>his</strong></span> <span class='ocrx_word' id='word_1_74' title='bbox 1223 1565 1242 1601; x_wconf 91' lang='lat'><strong>,</strong></span> <span class='ocrx_word' id='word_1_75' title='bbox 1302 1539 1448 1606; x_wconf 87' lang='lat' dir='ltr'><strong>quae</strong></span> <span class='ocrx_word' id='word_1_76' title='bbox 1485 1513 1963 1600; x_wconf 85' lang='lat' dir='ltr'><strong>defodiuntur,</strong></span> <span class='ocrx_word' id='word_1_77' title='bbox 2029 1510 2132 1580; x_wconf 90' lang='lat' dir='ltr'><strong>vel</strong></span> <span class='ocrx_word' id='word_1_78' title='bbox 2183 1507 2631 1606; x_wconf 21' lang='lat' dir='ltr'><strong>principales-</strong></span> 
     </span>
     <span class='ocr_line' id='line_1_10' title="bbox 511 1654 2611 1750; baseline -0 -28"><span class='ocrx_word' id='word_1_79' title='bbox 511 1656 679 1722; x_wconf 89' lang='lat' dir='ltr'><strong>Item</strong></span> <span class='ocrx_word' id='word_1_80' title='bbox 701 1654 1090 1749; x_wconf 90' lang='lat' dir='ltr'><strong>juniperus:</strong></span> <span class='ocrx_word' id='word_1_81' title='bbox 1129 1655 1359 1724; x_wconf 90' lang='lat' dir='ltr'><strong>eadem</strong></span> <span class='ocrx_word' id='word_1_82' title='bbox 1382 1669 1448 1724; x_wconf 90' lang='lat' dir='ltr'><strong>et</strong></span> <span class='ocrx_word' id='word_1_83' title='bbox 1472 1655 1881 1725; x_wconf 85' lang='lat' dir='ltr'><strong>subdialibus</strong></span> <span class='ocrx_word' id='word_1_84' title='bbox 1907 1657 2272 1750; x_wconf 89' lang='lat' dir='ltr'><strong>aptissima.</strong></span> <span class='ocrx_word' id='word_1_85' title='bbox 2297 1660 2515 1750; x_wconf 88' lang='lat' dir='ltr'><strong>Fagus</strong></span> <span class='ocrx_word' id='word_1_86' title='bbox 2544 1669 2611 1721; x_wconf 87' lang='lat' dir='ltr'><strong>ct</strong></span> 
     </span>
     <span class='ocr_line' id='line_1_11' title="bbox 512 1796 2613 1894; baseline 0.001 -29"><span class='ocrx_word' id='word_1_87' title='bbox 512 1809 741 1867; x_wconf 81' lang='lat' dir='ltr'><strong>cerrus</strong></span> <span class='ocrx_word' id='word_1_88' title='bbox 764 1796 1070 1867; x_wconf 83' lang='lat' dir='ltr'><strong>celeriter</strong></span> <span class='ocrx_word' id='word_1_89' title='bbox 1090 1815 1536 1869; x_wconf 89' lang='lat' dir='ltr'><strong>marcescunt.</strong></span> <span class='ocrx_word' id='word_1_90' title='bbox 1562 1799 1845 1870; x_wconf 85' lang='lat' dir='ltr'><strong>Esculus</strong></span> <span class='ocrx_word' id='word_1_91' title='bbox 1870 1824 2140 1894; x_wconf 84' lang='lat' dir='ltr'><strong>quoque</strong></span> <span class='ocrx_word' id='word_1_92' title='bbox 2159 1800 2459 1868; x_wconf 85' lang='lat' dir='ltr'><strong>humoris</strong></span> <span class='ocrx_word' id='word_1_93' title='bbox 2489 1801 2613 1867; x_wconf 90' lang='lat' dir='ltr'><strong>im-</strong></span> 
     </span>
     <span class='ocr_line' id='line_1_12' title="bbox 515 1942 2612 2038; baseline 0 -27"><span class='ocrx_word' id='word_1_94' title='bbox 515 1944 797 2037; x_wconf 89' lang='lat' dir='ltr'><strong>patiens.</strong></span> <span class='ocrx_word' id='word_1_95' title='bbox 842 1945 1099 2012; x_wconf 88' lang='lat' dir='ltr'><strong>Contra</strong></span> <span class='ocrx_word' id='word_1_96' title='bbox 1137 1945 1369 2014; x_wconf 91' lang='lat' dir='ltr'><strong>adacta</strong></span> <span class='ocrx_word' id='word_1_97' title='bbox 1410 1945 1481 2014; x_wconf 90' lang='lat' dir='ltr'><strong>in</strong></span> <span class='ocrx_word' id='word_1_98' title='bbox 1539 1959 1784 2014; x_wconf 88' lang='lat' dir='ltr'><strong>terram</strong></span> <span class='ocrx_word' id='word_1_99' title='bbox 1838 1944 1909 2011; x_wconf 92' lang='lat' dir='ltr'><strong>in</strong></span> <span class='ocrx_word' id='word_1_100' title='bbox 1961 1943 2367 2038; x_wconf 88' lang='lat' dir='ltr'><strong>palustribus</strong></span> <span class='ocrx_word' id='word_1_101' title='bbox 2415 1942 2612 2012; x_wconf 88' lang='lat' dir='ltr'><strong>alnus</strong></span> 
     </span>
     <span class='ocr_line' id='line_1_13' title="bbox 516 2086 2610 2182; baseline 0.002 -28"><span class='ocrx_word' id='word_1_102' title='bbox 516 2102 795 2176; x_wconf 86' lang='lat' dir='ltr'><strong>aeterna,</strong></span> <span class='ocrx_word' id='word_1_103' title='bbox 839 2087 1193 2182; x_wconf 89' lang='lat' dir='ltr'><strong>onerisque</strong></span> <span class='ocrx_word' id='word_1_104' title='bbox 1243 2086 1641 2181; x_wconf 90' lang='lat' dir='ltr'><strong>quantilibet</strong></span> <span class='ocrx_word' id='word_1_105' title='bbox 1695 2090 1954 2182; x_wconf 91' lang='lat' dir='ltr'><strong>patiens</strong></span> <span class='ocrx_word' id='word_1_106' title='bbox 1994 2116 2010 2156; x_wconf 77' lang='lat' dir='ltr'><em>z</em></span> <span class='ocrx_word' id='word_1_107' title='bbox 2069 2114 2332 2160; x_wconf 90' lang='lat' dir='ltr'><strong>cerasus</strong></span> <span class='ocrx_word' id='word_1_108' title='bbox 2370 2087 2610 2158; x_wconf 84' lang='lat' dir='ltr'><strong>firma:</strong></span> 
     </span>
     <span class='ocr_line' id='line_1_14' title="bbox 517 2225 2613 2327; baseline 0.002 -30"><span class='ocrx_word' id='word_1_109' title='bbox 517 2227 739 2299; x_wconf 85' lang='lat' dir='ltr'><strong>ulmus</strong></span> <span class='ocrx_word' id='word_1_110' title='bbox 778 2245 844 2299; x_wconf 90' lang='lat' dir='ltr'><strong>et</strong></span> <span class='ocrx_word' id='word_1_111' title='bbox 883 2230 1179 2300; x_wconf 87' lang='lat' dir='ltr'><strong>fraxinus</strong></span> <span class='ocrx_word' id='word_1_112' title='bbox 1221 2230 1452 2320; x_wconf 82' lang='lat' dir='ltr'><strong>lentae,</strong></span> <span class='ocrx_word' id='word_1_113' title='bbox 1511 2230 1625 2300; x_wconf 93' lang='lat' dir='ltr'><strong>sed</strong></span> <span class='ocrx_word' id='word_1_114' title='bbox 1665 2230 1857 2301; x_wconf 89' lang='lat' dir='ltr'><strong>facile</strong></span> <span class='ocrx_word' id='word_1_115' title='bbox 1896 2225 2319 2327; x_wconf 83' lang='lat' dir='ltr'><strong>pandantur:</strong></span> <span class='ocrx_word' id='word_1_116' title='bbox 2360 2232 2613 2302; x_wconf 81' lang='lat' dir='ltr'><strong>flexiles</strong></span> 
     </span>
     <span class='ocr_line' id='line_1_15' title="bbox 517 2375 2614 2471; baseline 0.002 -27"><span class='ocrx_word' id='word_1_117' title='bbox 517 2389 777 2466; x_wconf 85' lang='lat' dir='ltr'><strong>tamen,</strong></span> <span class='ocrx_word' id='word_1_118' title='bbox 812 2385 1192 2471; x_wconf 86' lang='lat' dir='ltr'><strong>stantesque</strong></span> <span class='ocrx_word' id='word_1_119' title='bbox 1224 2402 1263 2445; x_wconf 93' lang='lat' dir='ltr'><strong>a</strong></span> <span class='ocrx_word' id='word_1_120' title='bbox 1294 2377 1766 2448; x_wconf 86' lang='lat' dir='ltr'><strong>circumcisura</strong></span> <span class='ocrx_word' id='word_1_121' title='bbox 1805 2379 2061 2447; x_wconf 80' lang='lat' dir='ltr'><strong>siccatae</strong></span> <span class='ocrx_word' id='word_1_122' title='bbox 2093 2375 2442 2447; x_wconf 87' lang='lat' dir='ltr'><strong>fideliores.</strong></span> <span class='ocrx_word' id='word_1_123' title='bbox 2480 2381 2614 2448; x_wconf 91' lang='lat' dir='ltr'><strong>La-</strong></span> 
     </span>
     <span class='ocr_line' id='line_1_16' title="bbox 519 2521 2613 2599; baseline 0.002 -12"><span class='ocrx_word' id='word_1_124' title='bbox 519 2522 725 2588; x_wconf 90' lang='lat' dir='ltr'><strong>ricem</strong></span> <span class='ocrx_word' id='word_1_125' title='bbox 766 2522 836 2588; x_wconf 91' lang='lat' dir='ltr'><strong>in</strong></span> <span class='ocrx_word' id='word_1_126' title='bbox 866 2522 1216 2591; x_wconf 90' lang='lat' dir='ltr'><strong>maritimis</strong></span> <span class='ocrx_word' id='word_1_127' title='bbox 1254 2524 1538 2592; x_wconf 90' lang='lat' dir='ltr'><strong>navibus</strong></span> <span class='ocrx_word' id='word_1_128' title='bbox 1573 2523 1928 2599; x_wconf 81' lang='lat' dir='ltr'><strong>obnoxiam</strong></span> <span class='ocrx_word' id='word_1_129' title='bbox 1976 2521 2257 2591; x_wconf 88' lang='lat' dir='ltr'><strong>teredini</strong></span> <span class='ocrx_word' id='word_1_130' title='bbox 2290 2522 2613 2594; x_wconf 85' lang='lat' dir='ltr'><strong>tradunt:</strong></span> 
     </span>
     <span class='ocr_line' id='line_1_17' title="bbox 523 2664 2615 2759; baseline 0.001 -27"><span class='ocrx_word' id='word_1_131' title='bbox 523 2665 887 2759; x_wconf 88' lang='lat' dir='ltr'><strong>omniaque</strong></span> <span class='ocrx_word' id='word_1_132' title='bbox 911 2717 930 2749; x_wconf 89' lang='lat'>,</span> <span class='ocrx_word' id='word_1_133' title='bbox 972 2679 1420 2759; x_wconf 81' lang='lat' dir='ltr'><strong>praeterquam</strong></span> <span class='ocrx_word' id='word_1_134' title='bbox 1475 2664 1839 2738; x_wconf 80' lang='lat' dir='ltr'><strong>oleastrum</strong></span> <span class='ocrx_word' id='word_1_135' title='bbox 1885 2682 1952 2737; x_wconf 91' lang='lat' dir='ltr'><strong>et</strong></span> <span class='ocrx_word' id='word_1_136' title='bbox 1994 2665 2231 2736; x_wconf 89' lang='lat' dir='ltr'><strong>oleam.</strong></span> <span class='ocrx_word' id='word_1_137' title='bbox 2286 2666 2615 2756; x_wconf 80' lang='lat' dir='ltr'><strong>Quaedam</strong></span> 
     </span>
    </p>
   </div>
   <div class='ocr_carea' id='block_1_3' title="bbox 524 2807 2475 2906">
    <p class='ocr_par' dir='ltr' id='par_1_3' title="bbox 524 2807 2475 2906">
     <span class='ocr_line' id='line_1_18' title="bbox 524 2807 2475 2906; baseline 0.001 -30"><span class='ocrx_word' id='word_1_138' title='bbox 524 2809 699 2876; x_wconf 88' lang='lat' dir='ltr'><strong>enim</strong></span> <span class='ocrx_word' id='word_1_139' title='bbox 735 2807 806 2876; x_wconf 91' lang='lat' dir='ltr'><strong>in</strong></span> <span class='ocrx_word' id='word_1_140' title='bbox 842 2810 1053 2897; x_wconf 86' lang='lat' dir='ltr'><strong>mari,</strong></span> <span class='ocrx_word' id='word_1_141' title='bbox 1091 2808 1396 2903; x_wconf 86' lang='lat' dir='ltr'><strong>quaedam</strong></span> <span class='ocrx_word' id='word_1_142' title='bbox 1431 2812 1501 2878; x_wconf 91' lang='lat' dir='ltr'><strong>in</strong></span> <span class='ocrx_word' id='word_1_143' title='bbox 1537 2826 1714 2880; x_wconf 90' lang='lat' dir='ltr'><strong>terra</strong></span> <span class='ocrx_word' id='word_1_144' title='bbox 1757 2812 1938 2879; x_wconf 86' lang='lat' dir='ltr'><strong>vitiis</strong></span> <span class='ocrx_word' id='word_1_145' title='bbox 1975 2810 2475 2906; x_wconf 82' lang='lat' dir='ltr'><strong>opportuniora.</strong></span> 
     </span>
    </p>
   </div>
   <div class='ocr_carea' id='block_1_4' title="bbox 1271 3366 1875 3439">
    <p class='ocr_par' dir='ltr' id='par_1_4' title="bbox 1271 3366 1875 3439">
     <span class='ocr_line' id='line_1_19' title="bbox 1271 3366 1875 3439; baseline 0 -18"><span class='ocrx_word' id='word_1_146' title='bbox 1271 3366 1619 3422; x_wconf 87' lang='lat' dir='ltr'><strong>Teredinum</strong></span> <span class='ocrx_word' id='word_1_147' title='bbox 1651 3383 1875 3439; x_wconf 84' lang='lat' dir='ltr'><strong>genera.</strong></span> 
     </span>
    </p>
   </div>
   <div class='ocr_carea' id='block_1_5' title="bbox 536 3585 2622 3955">
    <p class='ocr_par' dir='ltr' id='par_1_5' title="bbox 536 3585 2622 3955">
     <span class='ocr_line' id='line_1_20' title="bbox 629 3585 2620 3682; baseline 0.001 -30"><span class='ocrx_word' id='word_1_148' title='bbox 629 3587 908 3654; x_wconf 88' lang='lat' dir='ltr'><strong>LXXX.</strong></span> <span class='ocrx_word' id='word_1_149' title='bbox 948 3590 1063 3671; x_wconf 77' lang='grc' dir='ltr'><strong>[μ.</strong></span> <span class='ocrx_word' id='word_1_150' title='bbox 1112 3585 1578 3656; x_wconf 86' lang='lat' dir='ltr'><strong>Infestantium</strong></span> <span class='ocrx_word' id='word_1_151' title='bbox 1623 3601 1912 3680; x_wconf 88' lang='lat' dir='ltr'><strong>quatuor</strong></span> <span class='ocrx_word' id='word_1_152' title='bbox 1951 3610 2212 3682; x_wconf 86' lang='lat' dir='ltr'><strong>genera.</strong></span> <span class='ocrx_word' id='word_1_153' title='bbox 2263 3585 2620 3655; x_wconf 88' lang='lat' dir='ltr'><strong>Teredines</strong></span> 
     </span>
     <span class='ocr_line' id='line_1_21' title="bbox 536 3701 2622 3817; baseline 0.001 -28"><span class='ocrx_word' id='word_1_154' title='bbox 536 3723 751 3815; x_wconf 89' lang='lat' dir='ltr'><strong>capite</strong></span> <span class='ocrx_word' id='word_1_155' title='bbox 784 3701 882 3789; x_wconf 76' lang='lat' dir='ltr'><strong>ad¹</strong></span> <span class='ocrx_word' id='word_1_156' title='bbox 911 3722 1292 3815; x_wconf 88' lang='lat' dir='ltr'><strong>portionem</strong></span> <span class='ocrx_word' id='word_1_157' title='bbox 1349 3724 1736 3817; x_wconf 84' lang='lat' dir='ltr'><strong>gravissimo</strong></span> <span class='ocrx_word' id='word_1_158' title='bbox 1768 3749 1783 3792; x_wconf 73' lang='grc' dir='ltr'>ε</span> <span class='ocrx_word' id='word_1_159' title='bbox 1846 3722 2098 3798; x_wconf 83' lang='lat' dir='ltr'><strong>rodunt</strong></span> <span class='ocrx_word' id='word_1_160' title='bbox 2134 3723 2464 3793; x_wconf 88' lang='lat' dir='ltr'><strong>dentibus.</strong></span> <span class='ocrx_word' id='word_1_161' title='bbox 2503 3728 2622 3792; x_wconf 83' lang='lat' dir='ltr'><strong>Hae</strong></span> 
     </span>
     <span class='ocr_line' id='line_1_22' title="bbox 536 3858 2622 3955; baseline 0.001 -26"><span class='ocrx_word' id='word_1_162' title='bbox 536 3874 798 3930; x_wconf 86' lang='lat' dir='ltr'><strong>tantum</strong></span> <span class='ocrx_word' id='word_1_163' title='bbox 824 3862 895 3929; x_wconf 90' lang='lat' dir='ltr'><strong>in</strong></span> <span class='ocrx_word' id='word_1_164' title='bbox 928 3862 1100 3930; x_wconf 88' lang='lat' dir='ltr'><strong>mari</strong></span> <span class='ocrx_word' id='word_1_165' title='bbox 1139 3861 1521 3929; x_wconf 89' lang='lat' dir='ltr'><strong>sentiuntur</strong></span> <span class='ocrx_word' id='word_1_166' title='bbox 1548 3887 1564 3928; x_wconf 74' lang='grc' dir='ltr'><strong><em>ε</em></strong></span> <span class='ocrx_word' id='word_1_167' title='bbox 1595 3884 1717 3928; x_wconf 89' lang='lat' dir='ltr'><strong>nec</strong></span> <span class='ocrx_word' id='word_1_168' title='bbox 1749 3858 1946 3930; x_wconf 90' lang='lat' dir='ltr'><strong>aliam</strong></span> <span class='ocrx_word' id='word_1_169' title='bbox 1979 3876 2220 3955; x_wconf 86' lang='lat' dir='ltr'><strong>putant</strong></span> <span class='ocrx_word' id='word_1_170' title='bbox 2253 3861 2622 3931; x_wconf 86' lang='lat' dir='ltr'><strong>teredinem</strong></span> 
     </span>
    </p>
   </div>
   <div class='ocr_carea' id='block_1_6' title="bbox 535 3998 2620 4093">
    <p class='ocr_par' dir='ltr' id='par_1_6' title="bbox 535 3998 2620 4093">
     <span class='ocr_line' id='line_1_23' title="bbox 535 3998 2620 4093; baseline 0 -24"><span class='ocrx_word' id='word_1_171' title='bbox 535 4001 806 4093; x_wconf 87' lang='lat' dir='ltr'><strong>proprie</strong></span> <span class='ocrx_word' id='word_1_172' title='bbox 839 3998 996 4066; x_wconf 93' lang='lat' dir='ltr'><strong>dici.</strong></span> <span class='ocrx_word' id='word_1_173' title='bbox 1042 4002 1450 4086; x_wconf 80' lang='lat' dir='ltr'><strong>TerrestreS,</strong></span> <span class='ocrx_word' id='word_1_174' title='bbox 1500 3999 1711 4068; x_wconf 81' lang='lat' dir='ltr'><strong>tineas</strong></span> <span class='ocrx_word' id='word_1_175' title='bbox 1755 4014 2041 4068; x_wconf 84' lang='lat' dir='ltr'><strong>vocant:</strong></span> <span class='ocrx_word' id='word_1_176' title='bbox 2085 3998 2410 4070; x_wconf 82' lang='lat' dir='ltr'><strong>culicibus</strong></span> <span class='ocrx_word' id='word_1_177' title='bbox 2460 4026 2620 4092; x_wconf 63' lang='lat' dir='ltr'><strong>Yero</strong></span> 
     </span>
    </p>
   </div>
   <div class='ocr_carea' id='block_1_7' title="bbox 2859 867 2871 2684">
    <p class='ocr_par' dir='ltr' id='par_1_7' title="bbox 2859 867 2871 2684">
     <span class='ocr_line' id='line_1_24' title="bbox 2859 867 2871 2684; baseline 0 0"><span class='ocrx_word' id='word_1_178' title='bbox 2859 867 2871 2684; x_wconf 95' lang='lat' dir='ltr'><strong> </strong></span> 
     </span>
    </p>
   </div>
  </div>
 </body>
</html>
