2941 4807
531 378 646 448 348
964 347 1046 434 cs
1070 378 1306 465 euml
1348 377 1541 436 msr.
1584 378 1754 442 NAT.
1792 379 1936 433 Lm.
1965 378 2156 434 xvn.

534 503 783 575 eisdem
811 504 1135 573 imbribus
1167 503 1388 598 aliqua
1418 503 1569 573 laedi
1597 503 1859 593 videas,
1890 502 2116 597 aliqua
2147 503 2403 597 juvari,
2428 502 2637 575 etiam

534 648 605 716 in
644 648 873 716 eodem
908 672 1183 743 genere,
1223 648 1399 717 sicut
1434 650 1506 716 in
1544 649 1708 742 piris
1756 674 1771 715 ε
1815 645 1947 715 alio
1986 646 2093 714 die
2143 647 2421 715 hiberna
2458 671 2644 740 quae-

534 807 698 862 runt
731 791 991 886 pluvias
1019 845 1039 881 ,
1092 791 1223 861 alio
1300 816 1459 860 vero
1523 791 1847 885 praecocia
1877 841 1898 876 ,
1946 805 2022 859 ut
2059 791 2310 887 pariter
2360 789 2641 884 quidem

535 937 758 1007 omnia
807 935 1201 1009 desiderent
1237 935 1610 1004 Hibernum
1649 950 1912 1029 tempus
1959 948 2056 1002 est
2097 948 2251 1006 ante
2291 935 2633 1037 germina-

534 1082 831 1168 tionem,
882 1106 1032 1174 quae
1062 1078 1473 1176 Aquilonem
1518 1085 1771 1151 Austro
1816 1077 2152 1149 utiliorem
2200 1078 2382 1151 facit.
2424 1080 2646 1151 Ratio

538 1221 770 1292 eadem
804 1196 1289 1292 mediterranea
1322 1220 1676 1306 maritimis
1709 1220 2020 1315 praefert:
2063 1234 2221 1289 sunt
2258 1220 2439 1289 enim
2493 1219 2644 1314 ple-

546 1390 833 1459 rumque
883 1365 1227 1461 frigidiora
1262 1392 1278 1434 ε
1331 1381 1401 1435 et
1436 1381 1792 1436 montuosa
1827 1364 2048 1460 planis
2070 1416 2089 1454 ,
2140 1379 2209 1433 et
2262 1378 2645 1434 nocturnos

549 1510 795 1581 imbres
832 1509 1109 1579 diurnis,
1153 1510 1371 1606 Magis
1403 1509 1745 1581 fruuntur·
1768 1509 1959 1609 aquis
2001 1523 2144 1581 sata
2169 1560 2190 1599 ,
2231 1533 2369 1583 non
2409 1509 2646 1581 statim

544 1652 884 1731 auferente
917 1677 1028 1723 eas
1064 1650 1224 1731 sole,

642 3606 961 3673 Connexa
988 3619 1052 3673 et
1085 3607 1251 3673 situs
1279 3606 1665 3694 vinearum,
1704 3606 2268 3699 arbustorumque
2298 3606 2481 3673 ratio
2499 3618 2647 3690 est,

547 3766 711 3833 quas
744 3744 813 3811 in
850 3768 998 3811 oras
1037 3743 1317 3812 debeant
1357 3760 1678 3838 spectare.
1715 3742 2043 3838 Virgilius
2084 3745 2168 3812 ad
2203 3768 2477 3813 occasus
2508 3744 2643 3811 seri

546 3877 900 3947 damnavit.
945 3877 1173 3973 Aliqui
1218 3880 1311 3949 sic
1349 3878 1646 3949 maluere
1675 3930 1694 3966 ,
1740 3905 1941 3973 quam
1973 3881 2043 3949 in
2085 3894 2341 3948 exortu.
2396 3883 2457 3949 A
2487 3878 2644 3973 plu-

541 4015 725 4085 ribus
778 4016 1137 4086 meridiem*
1175 4017 1447 4111 probari
1497 4018 1817 4087 adverto:
1883 4044 2007 4087 nec
2053 4018 2344 4086 arbitror
2399 4042 2641 4111 perpe-
