<?xml version="1.0" encoding="UTF-8"?>
<!DOCTYPE html PUBLIC "-//W3C//DTD XHTML 1.0 Transitional//EN"
    "http://www.w3.org/TR/xhtml1/DTD/xhtml1-transitional.dtd">
<html xmlns="http://www.w3.org/1999/xhtml" xml:lang="en" lang="en">
 <head>
  <title>
</title>
<meta http-equiv="Content-Type" content="text/html;charset=utf-8" />
  <meta name='ocr-system' content='tesseract 3.04.00' />
  <meta name='ocr-capabilities' content='ocr_page ocr_carea ocr_par ocr_line ocrx_word'/>
</head>
<body>
  <div class='ocr_page' id='page_1' title='image "./histoirenaturel00grangoog_0076.png"; bbox 0 0 2941 4807; ppageno 0'>
   <div class='ocr_carea' id='block_1_1' title="bbox 490 410 2626 1640">
    <p class='ocr_par' dir='ltr' id='par_1_1' title="bbox 523 410 2150 469">
     <span class='ocr_line' id='line_1_1' title="bbox 523 410 2150 469; baseline 0.001 -3"><span class='ocrx_word' id='word_1_1' title='bbox 523 410 601 466; x_wconf 88' lang='grc'><strong>66</strong></span> <span class='ocrx_word' id='word_1_2' title='bbox 990 412 1054 468; x_wconf 84' lang='lat' dir='ltr'><strong>C.</strong></span> <span class='ocrx_word' id='word_1_3' title='bbox 1096 412 1268 467; x_wconf 84' lang='lat' dir='ltr'>PLIN</span> <span class='ocrx_word' id='word_1_4' title='bbox 1272 412 1330 467; x_wconf 91' lang='lat'><strong>11</strong></span> <span class='ocrx_word' id='word_1_5' title='bbox 1370 412 1563 468; x_wconf 85' lang='lat' dir='ltr'><strong>HIST.</strong></span> <span class='ocrx_word' id='word_1_6' title='bbox 1606 412 1784 468; x_wconf 74' lang='lat' dir='ltr'><strong>NAT.</strong></span> <span class='ocrx_word' id='word_1_7' title='bbox 1826 414 1967 468; x_wconf 87' lang='lat' dir='ltr'><strong>LIB.</strong></span> <span class='ocrx_word' id='word_1_8' title='bbox 1993 413 2150 469; x_wconf 83' lang='lat' dir='ltr'><strong>XVI.</strong></span> 
     </span>
    </p>

    <p class='ocr_par' dir='ltr' id='par_1_2' title="bbox 490 536 2626 1640">
     <span class='ocr_line' id='line_1_2' title="bbox 626 536 2626 637; baseline -0.002 -27"><span class='ocrx_word' id='word_1_9' title='bbox 626 537 739 610; x_wconf 80' lang='lat'><strong>23.</strong></span> <span class='ocrx_word' id='word_1_10' title='bbox 790 537 1033 632; x_wconf 87' lang='lat' dir='ltr'>Populi</span> <span class='ocrx_word' id='word_1_11' title='bbox 1070 539 1202 608; x_wconf 82' lang='lat' dir='ltr'><strong>tria</strong></span> <span class='ocrx_word' id='word_1_12' title='bbox 1238 563 1485 634; x_wconf 84' lang='lat' dir='ltr'><strong>genera</strong></span> <span class='ocrx_word' id='word_1_13' title='bbox 1521 564 1538 607; x_wconf 74' lang='grc' dir='ltr'><strong>ε</strong></span> <span class='ocrx_word' id='word_1_14' title='bbox 1581 537 1732 611; x_wconf 82' lang='lat' dir='ltr'><strong>alba</strong></span> <span class='ocrx_word' id='word_1_15' title='bbox 1753 590 1774 627; x_wconf 91' lang='lat'>‚</span> <span class='ocrx_word' id='word_1_16' title='bbox 1815 565 1892 610; x_wconf 90' lang='lat' dir='ltr'><strong>ac</strong></span> <span class='ocrx_word' id='word_1_17' title='bbox 1926 542 2121 637; x_wconf 86' lang='lat' dir='ltr'><strong>nigra</strong></span> <span class='ocrx_word' id='word_1_18' title='bbox 2144 591 2165 629; x_wconf 88' lang='lat'><strong>,</strong></span> <span class='ocrx_word' id='word_1_19' title='bbox 2210 554 2280 608; x_wconf 87' lang='lat' dir='ltr'><strong>et</strong></span> <span class='ocrx_word' id='word_1_20' title='bbox 2310 562 2460 633; x_wconf 84' lang='lat' dir='ltr'><strong>quae</strong></span> <span class='ocrx_word' id='word_1_21' title='bbox 2509 536 2626 607; x_wconf 88' lang='lat' dir='ltr'><strong>Li-</strong></span> 
     </span>
     <span class='ocr_line' id='line_1_3' title="bbox 524 680 2624 780; baseline -0.001 -26"><span class='ocrx_word' id='word_1_22' title='bbox 524 687 692 780; x_wconf 80' lang='lat' dir='ltr'><strong>byca</strong></span> <span class='ocrx_word' id='word_1_23' title='bbox 727 680 1130 778; x_wconf 86' lang='lat' dir='ltr'><strong>appellatur,</strong></span> <span class='ocrx_word' id='word_1_24' title='bbox 1165 683 1444 752; x_wconf 85' lang='lat' dir='ltr'><strong>minima</strong></span> <span class='ocrx_word' id='word_1_25' title='bbox 1485 681 1649 753; x_wconf 86' lang='lat' dir='ltr'><strong>folio</strong></span> <span class='ocrx_word' id='word_1_26' title='bbox 1670 736 1689 773; x_wconf 91' lang='lat'><strong>,</strong></span> <span class='ocrx_word' id='word_1_27' title='bbox 1732 709 1810 753; x_wconf 89' lang='lat' dir='ltr'><strong>ac</strong></span> <span class='ocrx_word' id='word_1_28' title='bbox 1842 685 2236 779; x_wconf 85' lang='lat' dir='ltr'><strong>nigerrima,</strong></span> <span class='ocrx_word' id='word_1_29' title='bbox 2270 683 2624 779; x_wconf 77' lang='lat' dir='ltr'><strong>filngisque</strong></span> 
     </span>
     <span class='ocr_line' id='line_1_4' title="bbox 523 826 2622 925; baseline -0 -26"><span class='ocrx_word' id='word_1_30' title='bbox 523 829 988 899; x_wconf 82' lang='lat' dir='ltr'><strong>enascentibus</strong></span> <span class='ocrx_word' id='word_1_31' title='bbox 1030 826 1509 898; x_wconf 90' lang='lat' dir='ltr'><strong>laudatissima.</strong></span> <span class='ocrx_word' id='word_1_32' title='bbox 1533 917 1539 925; x_wconf 19' lang='grc' dir='ltr'>η</span> <span class='ocrx_word' id='word_1_33' title='bbox 1567 826 1737 899; x_wconf 91' lang='lat' dir='ltr'><strong>Alba</strong></span> <span class='ocrx_word' id='word_1_34' title='bbox 1778 826 1941 897; x_wconf 92' lang='lat' dir='ltr'><strong>folio</strong></span> <span class='ocrx_word' id='word_1_35' title='bbox 1994 827 2284 914; x_wconf 83' lang='lat' dir='ltr'>bicolor,</span> <span class='ocrx_word' id='word_1_36' title='bbox 2333 855 2622 923; x_wconf 83' lang='lat' dir='ltr'><strong>superne</strong></span> 
     </span>
     <span class='ocr_line' id='line_1_5' title="bbox 524 971 2622 1069; baseline -0 -26"><span class='ocrx_word' id='word_1_37' title='bbox 524 974 920 1059; x_wconf 84' lang='lat' dir='ltr'><strong>candicans,</strong></span> <span class='ocrx_word' id='word_1_38' title='bbox 973 971 1284 1042; x_wconf 88' lang='lat' dir='ltr'><strong>inferiore</strong></span> <span class='ocrx_word' id='word_1_39' title='bbox 1335 989 1526 1068; x_wconf 89' lang='lat' dir='ltr'><strong>parte</strong></span> <span class='ocrx_word' id='word_1_40' title='bbox 1580 972 1800 1042; x_wconf 82' lang='lat' dir='ltr'><strong>viridi.</strong></span> <span class='ocrx_word' id='word_1_41' title='bbox 1880 974 2054 1043; x_wconf 84' lang='lat' dir='ltr'><strong>Huic</strong></span> <span class='ocrx_word' id='word_1_42' title='bbox 2113 975 2452 1069; x_wconf 83' lang='lat' dir='ltr'><strong>nigraeque</strong></span> <span class='ocrx_word' id='word_1_43' title='bbox 2477 1026 2497 1063; x_wconf 93' lang='lat'><strong>,</strong></span> <span class='ocrx_word' id='word_1_44' title='bbox 2552 988 2622 1042; x_wconf 87' lang='lat' dir='ltr'><strong>et</strong></span> 
     </span>
     <span class='ocr_line' id='line_1_6' title="bbox 528 1115 2622 1210; baseline 0 -24"><span class='ocrx_word' id='word_1_45' title='bbox 528 1117 831 1202; x_wconf 87' lang='lat' dir='ltr'><strong>crotoni,</strong></span> <span class='ocrx_word' id='word_1_46' title='bbox 860 1115 1018 1185; x_wconf 88' lang='lat' dir='ltr'><strong>folia</strong></span> <span class='ocrx_word' id='word_1_47' title='bbox 1047 1118 1114 1189; x_wconf 88' lang='lat' dir='ltr'><strong>in</strong></span> <span class='ocrx_word' id='word_1_48' title='bbox 1138 1118 1422 1210; x_wconf 88' lang='lat' dir='ltr'><strong>juventa</strong></span> <span class='ocrx_word' id='word_1_49' title='bbox 1445 1118 1783 1186; x_wconf 82' lang='lat' dir='ltr'><strong>circinatae</strong></span> <span class='ocrx_word' id='word_1_50' title='bbox 1813 1115 2246 1186; x_wconf 82' lang='lat' dir='ltr'><strong>rotunditatis</strong></span> <span class='ocrx_word' id='word_1_51' title='bbox 2280 1133 2478 1187; x_wconf 86' lang='lat' dir='ltr'><strong>sunt:</strong></span> <span class='ocrx_word' id='word_1_52' title='bbox 2516 1143 2622 1187; x_wconf 82' lang='lat' dir='ltr'><strong>ve-</strong></span> 
     </span>
     <span class='ocr_line' id='line_1_7' title="bbox 528 1260 2620 1357; baseline 0.001 -27"><span class='ocrx_word' id='word_1_53' title='bbox 528 1263 806 1332; x_wconf 89' lang='lat' dir='ltr'><strong>tustiora</strong></span> <span class='ocrx_word' id='word_1_54' title='bbox 842 1261 914 1330; x_wconf 92' lang='lat' dir='ltr'><strong>in</strong></span> <span class='ocrx_word' id='word_1_55' title='bbox 952 1260 1237 1355; x_wconf 84' lang='lat' dir='ltr'><strong>angulos</strong></span> <span class='ocrx_word' id='word_1_56' title='bbox 1272 1275 1539 1331; x_wconf 86' lang='lat' dir='ltr'><strong>exeunt.</strong></span> <span class='ocrx_word' id='word_1_57' title='bbox 1579 1264 1636 1331; x_wconf 92' lang='lat' dir='ltr'><strong>E</strong></span> <span class='ocrx_word' id='word_1_58' title='bbox 1670 1262 2013 1330; x_wconf 84' lang='lat' dir='ltr'><strong>contrario</strong></span> <span class='ocrx_word' id='word_1_59' title='bbox 2041 1260 2259 1331; x_wconf 81' lang='lat' dir='ltr'><strong>ederae</strong></span> <span class='ocrx_word' id='word_1_60' title='bbox 2296 1261 2620 1357; x_wconf 83' lang='lat' dir='ltr'><strong>angulosa</strong></span> 
     </span>
     <span class='ocr_line' id='line_1_8' title="bbox 490 1401 2619 1502; baseline 0.001 -28"><span class='ocrx_word' id='word_1_61' title='bbox 490 1462 495 1465; x_wconf 74' lang='grc'>-</span> <span class='ocrx_word' id='word_1_62' title='bbox 525 1405 998 1477; x_wconf 85' lang='lat' dir='ltr'><strong>rotundantur.</strong></span> <span class='ocrx_word' id='word_1_63' title='bbox 1032 1401 1450 1498; x_wconf 90' lang='lat' dir='ltr'><strong>Populorum</strong></span> <span class='ocrx_word' id='word_1_64' title='bbox 1482 1401 1660 1473; x_wconf 90' lang='lat' dir='ltr'><strong>foliis</strong></span> <span class='ocrx_word' id='word_1_65' title='bbox 1692 1403 2132 1500; x_wconf 86' lang='lat' dir='ltr'><strong>grandissima</strong></span> <span class='ocrx_word' id='word_1_66' title='bbox 2173 1405 2419 1502; x_wconf 84' lang='lat' dir='ltr'><strong>lanugo</strong></span> <span class='ocrx_word' id='word_1_67' title='bbox 2457 1432 2619 1476; x_wconf 88' lang='lat' dir='ltr'><strong>evo·</strong></span> 
     </span>
     <span class='ocr_line' id='line_1_9' title="bbox 522 1526 2621 1640; baseline 0 -21"><span class='ocrx_word' id='word_1_68' title='bbox 522 1550 661 1619; x_wconf 86' lang='lat' dir='ltr'><strong>lat:</strong></span> <span class='ocrx_word' id='word_1_69' title='bbox 707 1547 1008 1619; x_wconf 84' lang='lat' dir='ltr'><strong>candidae</strong></span> <span class='ocrx_word' id='word_1_70' title='bbox 1031 1600 1051 1635; x_wconf 96' lang='lat'><strong>,</strong></span> <span class='ocrx_word' id='word_1_71' title='bbox 1092 1546 1359 1616; x_wconf 84' lang='lat' dir='ltr'><strong>traditae</strong></span> <span class='ocrx_word' id='word_1_72' title='bbox 1398 1526 1578 1617; x_wconf 35' lang='lat' dir='ltr'><strong>:folio</strong></span> <span class='ocrx_word' id='word_1_73' title='bbox 1630 1551 2090 1619; x_wconf 80' lang='lat' dir='ltr'><strong>numerosiore</strong></span> <span class='ocrx_word' id='word_1_74' title='bbox 2117 1603 2136 1633; x_wconf 96' lang='lat'><strong>,</strong></span> <span class='ocrx_word' id='word_1_75' title='bbox 2177 1550 2458 1619; x_wconf 91' lang='lat' dir='ltr'><strong>candida</strong></span> <span class='ocrx_word' id='word_1_76' title='bbox 2487 1604 2506 1640; x_wconf 97' lang='lat'><strong>,</strong></span> <span class='ocrx_word' id='word_1_77' title='bbox 2552 1567 2621 1620; x_wconf 93' lang='lat' dir='ltr'><strong>et</strong></span> 
     </span>
    </p>
   </div>
   <div class='ocr_carea' id='block_1_2' title="bbox 524 1662 2248 1788">
    <p class='ocr_par' dir='ltr' id='par_1_3' title="bbox 524 1662 2248 1788">
     <span class='ocr_line' id='line_1_10' title="bbox 524 1662 2248 1788; baseline 0 -23"><span class='ocrx_word' id='word_1_78' title='bbox 524 1712 599 1765; x_wconf 90' lang='lat' dir='ltr'><strong>ut</strong></span> <span class='ocrx_word' id='word_1_79' title='bbox 631 1662 799 1764; x_wconf 57' lang='lat' dir='ltr'><strong>villi.</strong></span> <span class='ocrx_word' id='word_1_80' title='bbox 844 1694 1030 1765; x_wconf 86' lang='lat' dir='ltr'><strong>Folia</strong></span> <span class='ocrx_word' id='word_1_81' title='bbox 1071 1696 1369 1787; x_wconf 85' lang='lat' dir='ltr'><strong>granatis</strong></span> <span class='ocrx_word' id='word_1_82' title='bbox 1409 1708 1476 1761; x_wconf 90' lang='lat' dir='ltr'><strong>et</strong></span> <span class='ocrx_word' id='word_1_83' title='bbox 1516 1692 1878 1788; x_wconf 88' lang='lat' dir='ltr'><strong>amygdalis</strong></span> <span class='ocrx_word' id='word_1_84' title='bbox 1919 1695 2248 1765; x_wconf 86' lang='lat' dir='ltr'><strong>rubentia.</strong></span> 
     </span>
    </p>
   </div>
   <div class='ocr_carea' id='block_1_3' title="bbox 990 2371 2141 2444">
    <p class='ocr_par' dir='ltr' id='par_1_4' title="bbox 990 2371 2141 2444">
     <span class='ocr_line' id='line_1_11' title="bbox 990 2371 2141 2444; baseline -0.004 -13"><span class='ocrx_word' id='word_1_85' title='bbox 990 2375 1129 2444; x_wconf 84' lang='lat' dir='ltr'><strong>Quae</strong></span> <span class='ocrx_word' id='word_1_86' title='bbox 1164 2374 1303 2431; x_wconf 78' lang='lat' dir='ltr'><strong>folia</strong></span> <span class='ocrx_word' id='word_1_87' title='bbox 1338 2383 1633 2432; x_wconf 82' lang='lat' dir='ltr'><strong>versentur</strong></span> <span class='ocrx_word' id='word_1_88' title='bbox 1666 2372 1930 2429; x_wconf 87' lang='lat' dir='ltr'><strong>omnibus</strong></span> <span class='ocrx_word' id='word_1_89' title='bbox 1964 2371 2141 2427; x_wconf 87' lang='lat' dir='ltr'><strong>annis.</strong></span> 
     </span>
    </p>
   </div>
   <div class='ocr_carea' id='block_1_4' title="bbox 515 2576 2616 2980">
    <p class='ocr_par' dir='ltr' id='par_1_5' title="bbox 515 2576 2616 2980">
     <span class='ocr_line' id='line_1_12' title="bbox 612 2576 2614 2692; baseline -0.001 -26"><span class='ocrx_word' id='word_1_90' title='bbox 612 2576 1224 2688; x_wconf 48' lang='lat' dir='ltr'><strong>XXXVI&#39;gMirum</strong></span> <span class='ocrx_word' id='word_1_91' title='bbox 1255 2600 1327 2670; x_wconf 90' lang='lat' dir='ltr'><strong>in</strong></span> <span class='ocrx_word' id='word_1_92' title='bbox 1364 2598 1596 2692; x_wconf 88' lang='lat' dir='ltr'><strong>primis</strong></span> <span class='ocrx_word' id='word_1_93' title='bbox 1635 2596 1703 2666; x_wconf 91' lang='lat' dir='ltr'><strong>id</strong></span> <span class='ocrx_word' id='word_1_94' title='bbox 1728 2650 1747 2687; x_wconf 91' lang='lat'><strong>,</strong></span> <span class='ocrx_word' id='word_1_95' title='bbox 1785 2597 1970 2692; x_wconf 90' lang='lat' dir='ltr'><strong>quod</strong></span> <span class='ocrx_word' id='word_1_96' title='bbox 2011 2593 2195 2665; x_wconf 91' lang='lat' dir='ltr'><strong>ulmo</strong></span> <span class='ocrx_word' id='word_1_97' title='bbox 2220 2648 2239 2685; x_wconf 91' lang='lat'><strong>,</strong></span> <span class='ocrx_word' id='word_1_98' title='bbox 2281 2594 2572 2689; x_wconf 83' lang='lat' dir='ltr'><strong>tiliaeque</strong></span> <span class='ocrx_word' id='word_1_99' title='bbox 2593 2646 2614 2677; x_wconf 95' lang='lat'><strong>,</strong></span> 
     </span>
     <span class='ocr_line' id='line_1_13' title="bbox 515 2739 2616 2836; baseline -0.001 -26"><span class='ocrx_word' id='word_1_100' title='bbox 515 2756 586 2810; x_wconf 88' lang='lat' dir='ltr'><strong>et</strong></span> <span class='ocrx_word' id='word_1_101' title='bbox 619 2740 810 2829; x_wconf 75' lang='lat' dir='ltr'><strong>oleae,</strong></span> <span class='ocrx_word' id='word_1_102' title='bbox 850 2756 918 2810; x_wconf 88' lang='lat' dir='ltr'><strong>et</strong></span> <span class='ocrx_word' id='word_1_103' title='bbox 949 2740 1201 2836; x_wconf 93' lang='lat' dir='ltr'><strong>populo</strong></span> <span class='ocrx_word' id='word_1_104' title='bbox 1232 2741 1431 2829; x_wconf 87' lang='lat' dir='ltr'><strong>albae,</strong></span> <span class='ocrx_word' id='word_1_105' title='bbox 1465 2756 1535 2810; x_wconf 88' lang='lat' dir='ltr'><strong>et</strong></span> <span class='ocrx_word' id='word_1_106' title='bbox 1567 2739 1749 2811; x_wconf 88' lang='lat' dir='ltr'><strong>salici</strong></span> <span class='ocrx_word' id='word_1_107' title='bbox 1777 2743 2018 2810; x_wconf 87' lang='lat' dir='ltr'><strong>evenit.</strong></span> <span class='ocrx_word' id='word_1_108' title='bbox 2042 2742 2616 2836; x_wconf 86' lang='lat' dir='ltr'><strong>Circumaguntur</strong></span> 
     </span>
     <span class='ocr_line' id='line_1_14' title="bbox 515 2881 2611 2980; baseline 0 -27"><span class='ocrx_word' id='word_1_109' title='bbox 515 2886 696 2953; x_wconf 90' lang='lat' dir='ltr'><strong>enim</strong></span> <span class='ocrx_word' id='word_1_110' title='bbox 740 2884 896 2954; x_wconf 90' lang='lat' dir='ltr'><strong>folia</strong></span> <span class='ocrx_word' id='word_1_111' title='bbox 936 2909 1168 2954; x_wconf 90' lang='lat' dir='ltr'><strong>earum</strong></span> <span class='ocrx_word' id='word_1_112' title='bbox 1212 2899 1367 2980; x_wconf 91' lang='lat' dir='ltr'><strong>post</strong></span> <span class='ocrx_word' id='word_1_113' title='bbox 1411 2883 1819 2954; x_wconf 86' lang='lat' dir='ltr'><strong>solstitium:</strong></span> <span class='ocrx_word' id='word_1_114' title='bbox 1873 2910 1997 2954; x_wconf 87' lang='lat' dir='ltr'><strong>nec</strong></span> <span class='ocrx_word' id='word_1_115' title='bbox 2044 2881 2176 2953; x_wconf 88' lang='lat' dir='ltr'><strong>alio</strong></span> <span class='ocrx_word' id='word_1_116' title='bbox 2213 2899 2611 2980; x_wconf 85' lang='lat' dir='ltr'><strong>argumento</strong></span> 
     </span>
    </p>
   </div>
   <div class='ocr_carea' id='block_1_5' title="bbox 512 3029 1848 3127">
    <p class='ocr_par' dir='ltr' id='par_1_6' title="bbox 512 3029 1848 3127">
     <span class='ocr_line' id='line_1_15' title="bbox 512 3029 1848 3127; baseline -0.001 -28"><span class='ocrx_word' id='word_1_117' title='bbox 512 3033 761 3100; x_wconf 87' lang='lat' dir='ltr'><strong>certius</strong></span> <span class='ocrx_word' id='word_1_118' title='bbox 804 3029 1202 3127; x_wconf 80' lang='lat' dir='ltr'><strong>intelligitur</strong></span> <span class='ocrx_word' id='word_1_119' title='bbox 1232 3030 1415 3102; x_wconf 90' lang='lat' dir='ltr'><strong>sidus</strong></span> <span class='ocrx_word' id='word_1_120' title='bbox 1450 3029 1848 3102; x_wconf 84' lang='lat' dir='ltr'><strong>confectum.</strong></span> 
     </span>
    </p>
   </div>
   <div class='ocr_carea' id='block_1_6' title="bbox 513 3196 2612 3978">
    <p class='ocr_par' dir='ltr' id='par_1_7' title="bbox 513 3196 2612 3978">
     <span class='ocr_line' id='line_1_16' title="bbox 616 3196 2611 3294; baseline -0.001 -26"><span class='ocrx_word' id='word_1_121' title='bbox 616 3203 729 3286; x_wconf 71' lang='lat'><strong>24.</strong></span> <span class='ocrx_word' id='word_1_122' title='bbox 777 3202 895 3268; x_wconf 90' lang='lat' dir='ltr'><strong>Est</strong></span> <span class='ocrx_word' id='word_1_123' title='bbox 941 3214 1007 3267; x_wconf 84' lang='lat' dir='ltr'><strong>et</strong></span> <span class='ocrx_word' id='word_1_124' title='bbox 1047 3196 1318 3294; x_wconf 87' lang='lat' dir='ltr'><strong>publica</strong></span> <span class='ocrx_word' id='word_1_125' title='bbox 1361 3200 1669 3270; x_wconf 88' lang='lat' dir='ltr'><strong>omnium</strong></span> <span class='ocrx_word' id='word_1_126' title='bbox 1718 3196 2034 3270; x_wconf 85' lang='lat' dir='ltr'><strong>foliorum</strong></span> <span class='ocrx_word' id='word_1_127' title='bbox 2092 3199 2161 3266; x_wconf 89' lang='lat' dir='ltr'><strong>in</strong></span> <span class='ocrx_word' id='word_1_128' title='bbox 2211 3198 2372 3293; x_wconf 89' lang='lat' dir='ltr'><strong>ipsis</strong></span> <span class='ocrx_word' id='word_1_129' title='bbox 2416 3197 2611 3270; x_wconf 83' lang='lat' dir='ltr'><strong>diffe-</strong></span> 
     </span>
     <span class='ocr_line' id='line_1_17' title="bbox 516 3334 2610 3430; baseline 0.001 -27"><span class='ocrx_word' id='word_1_130' title='bbox 516 3337 750 3406; x_wconf 87' lang='lat' dir='ltr'><strong>rentia.</strong></span> <span class='ocrx_word' id='word_1_131' title='bbox 793 3337 1101 3430; x_wconf 88' lang='lat' dir='ltr'><strong>Namque</strong></span> <span class='ocrx_word' id='word_1_132' title='bbox 1137 3359 1292 3430; x_wconf 83' lang='lat' dir='ltr'><strong>pars</strong></span> <span class='ocrx_word' id='word_1_133' title='bbox 1340 3335 1619 3405; x_wconf 87' lang='lat' dir='ltr'><strong>inferior</strong></span> <span class='ocrx_word' id='word_1_134' title='bbox 1661 3359 1701 3403; x_wconf 92' lang='lat' dir='ltr'><strong>a</strong></span> <span class='ocrx_word' id='word_1_135' title='bbox 1738 3348 1916 3403; x_wconf 77' lang='lat' dir='ltr'><strong>ter-ra</strong></span> <span class='ocrx_word' id='word_1_136' title='bbox 1964 3334 2247 3404; x_wconf 91' lang='lat' dir='ltr'><strong>herbido</strong></span> <span class='ocrx_word' id='word_1_137' title='bbox 2293 3337 2463 3405; x_wconf 85' lang='lat' dir='ltr'><strong>viret</strong></span> <span class='ocrx_word' id='word_1_138' title='bbox 2496 3360 2610 3405; x_wconf 88' lang='lat' dir='ltr'><strong>co-</strong></span> 
     </span>
     <span class='ocr_line' id='line_1_18' title="bbox 515 3470 2610 3566; baseline 0 -25"><span class='ocrx_word' id='word_1_139' title='bbox 515 3472 678 3542; x_wconf 81' lang='lat' dir='ltr'><strong>lore.</strong></span> <span class='ocrx_word' id='word_1_140' title='bbox 711 3474 814 3542; x_wconf 88' lang='lat' dir='ltr'><strong>Ab</strong></span> <span class='ocrx_word' id='word_1_141' title='bbox 844 3471 1073 3541; x_wconf 89' lang='lat' dir='ltr'><strong>eadem</strong></span> <span class='ocrx_word' id='word_1_142' title='bbox 1110 3471 1407 3561; x_wconf 86' lang='lat' dir='ltr'><strong>laeviora,</strong></span> <span class='ocrx_word' id='word_1_143' title='bbox 1447 3496 1724 3561; x_wconf 76' lang='lat' dir='ltr'><strong>nerVOS,</strong></span> <span class='ocrx_word' id='word_1_144' title='bbox 1749 3470 2161 3566; x_wconf 88' lang='lat' dir='ltr'><strong>callumque,</strong></span> <span class='ocrx_word' id='word_1_145' title='bbox 2189 3487 2259 3541; x_wconf 89' lang='lat' dir='ltr'><strong>et</strong></span> <span class='ocrx_word' id='word_1_146' title='bbox 2288 3472 2610 3542; x_wconf 86' lang='lat' dir='ltr'><strong>articulos</strong></span> 
     </span>
     <span class='ocr_line' id='line_1_19' title="bbox 515 3610 2612 3704; baseline 0.001 -27"><span class='ocrx_word' id='word_1_147' title='bbox 515 3612 584 3677; x_wconf 92' lang='lat' dir='ltr'><strong>in</strong></span> <span class='ocrx_word' id='word_1_148' title='bbox 632 3610 976 3703; x_wconf 90' lang='lat' dir='ltr'><strong>superiore</strong></span> <span class='ocrx_word' id='word_1_149' title='bbox 1016 3610 1270 3679; x_wconf 88' lang='lat' dir='ltr'><strong>habent</strong></span> <span class='ocrx_word' id='word_1_150' title='bbox 1319 3624 1558 3704; x_wconf 90' lang='lat' dir='ltr'><strong>parte:</strong></span> <span class='ocrx_word' id='word_1_151' title='bbox 1620 3610 1944 3678; x_wconf 89' lang='lat' dir='ltr'><strong>incisuras</strong></span> <span class='ocrx_word' id='word_1_152' title='bbox 1994 3633 2152 3677; x_wconf 89' lang='lat' dir='ltr'><strong>vero</strong></span> <span class='ocrx_word' id='word_1_153' title='bbox 2200 3610 2432 3680; x_wconf 87' lang='lat' dir='ltr'><strong>subter</strong></span> <span class='ocrx_word' id='word_1_154' title='bbox 2456 3664 2475 3697; x_wconf 98' lang='lat'><strong>,</strong></span> <span class='ocrx_word' id='word_1_155' title='bbox 2533 3626 2612 3680; x_wconf 91' lang='lat' dir='ltr'><strong>ut</strong></span> 
     </span>
     <span class='ocr_line' id='line_1_20' title="bbox 514 3745 2609 3842; baseline 0 -26"><span class='ocrx_word' id='word_1_156' title='bbox 514 3772 752 3817; x_wconf 91' lang='lat' dir='ltr'><strong>manus</strong></span> <span class='ocrx_word' id='word_1_157' title='bbox 811 3747 1129 3815; x_wconf 85' lang='lat' dir='ltr'><strong>humana.</strong></span> <span class='ocrx_word' id='word_1_158' title='bbox 1193 3745 1377 3817; x_wconf 84' lang='lat' dir='ltr'><strong>Oleae</strong></span> <span class='ocrx_word' id='word_1_159' title='bbox 1424 3771 1714 3842; x_wconf 89' lang='lat' dir='ltr'><strong>superne</strong></span> <span class='ocrx_word' id='word_1_160' title='bbox 1766 3746 2197 3833; x_wconf 87' lang='lat' dir='ltr'><strong>candidiora,</strong></span> <span class='ocrx_word' id='word_1_161' title='bbox 2260 3761 2329 3817; x_wconf 88' lang='lat' dir='ltr'><strong>et</strong></span> <span class='ocrx_word' id='word_1_162' title='bbox 2384 3748 2609 3817; x_wconf 89' lang='lat' dir='ltr'><strong>minus</strong></span> 
     </span>
     <span class='ocr_line' id='line_1_21' title="bbox 513 3882 2609 3978; baseline 0 -23"><span class='ocrx_word' id='word_1_163' title='bbox 513 3885 743 3955; x_wconf 83' lang='lat' dir='ltr'><strong>laevia:</strong></span> <span class='ocrx_word' id='word_1_164' title='bbox 782 3885 944 3953; x_wconf 89' lang='lat' dir='ltr'><strong>item</strong></span> <span class='ocrx_word' id='word_1_165' title='bbox 982 3884 1214 3952; x_wconf 83' lang='lat' dir='ltr'><strong>ederae.</strong></span> <span class='ocrx_word' id='word_1_166' title='bbox 1247 3882 1377 3952; x_wconf 91' lang='lat' dir='ltr'><strong>Sed</strong></span> <span class='ocrx_word' id='word_1_167' title='bbox 1412 3885 1717 3953; x_wconf 90' lang='lat' dir='ltr'><strong>omnium</strong></span> <span class='ocrx_word' id='word_1_168' title='bbox 1749 3883 1909 3954; x_wconf 88' lang='lat' dir='ltr'><strong>folia</strong></span> <span class='ocrx_word' id='word_1_169' title='bbox 1937 3884 2241 3978; x_wconf 89' lang='lat' dir='ltr'><strong>quotidie</strong></span> <span class='ocrx_word' id='word_1_170' title='bbox 2273 3884 2361 3955; x_wconf 91' lang='lat' dir='ltr'><strong>ad</strong></span> <span class='ocrx_word' id='word_1_171' title='bbox 2396 3885 2609 3955; x_wconf 89' lang='lat' dir='ltr'><strong>solem</strong></span> 
     </span>
    </p>
   </div>
   <div class='ocr_carea' id='block_1_7' title="bbox 510 4018 2608 4119">
    <p class='ocr_par' dir='ltr' id='par_1_8' title="bbox 510 4018 2608 4119">
     <span class='ocr_line' id='line_1_22' title="bbox 510 4018 2608 4119; baseline 0 -26"><span class='ocrx_word' id='word_1_172' title='bbox 510 4027 836 4111; x_wconf 88' lang='lat' dir='ltr'><strong>oscitant,</strong></span> <span class='ocrx_word' id='word_1_173' title='bbox 886 4025 1234 4092; x_wconf 87' lang='lat' dir='ltr'><strong>interiores</strong></span> <span class='ocrx_word' id='word_1_174' title='bbox 1289 4035 1514 4115; x_wconf 85' lang='lat' dir='ltr'><strong>partes</strong></span> <span class='ocrx_word' id='word_1_175' title='bbox 1569 4019 1867 4115; x_wconf 88' lang='lat' dir='ltr'><strong>tepefieri</strong></span> <span class='ocrx_word' id='word_1_176' title='bbox 1911 4018 2222 4092; x_wconf 81' lang='lat' dir='ltr'><strong>volentia.</strong></span> <span class='ocrx_word' id='word_1_177' title='bbox 2284 4026 2608 4119; x_wconf 87' lang='lat' dir='ltr'><strong>Superior</strong></span> 
     </span>
    </p>
   </div>
  </div>
 </body>
</html>
