2941 4807
446 468 453 475 .
487 434 561 489 20
970 415 1036 470 C.
1075 414 1311 471 PLINII
1352 413 1543 471 HIST.
1586 415 1760 470 NAT.
1806 415 1946 470 LIB.
1977 416 2138 471 XVI.

482 509 620 609 sior
646 538 942 631 caudice.
967 537 1430 610 Excelsissima
1463 554 1690 608 autem
1719 537 2011 635 aegilopS‚
2032 540 2300 610 incultis
2331 545 2563 613 amica.

479 686 750 779 Abhac
782 685 1086 779 proxima
1136 681 1425 752 latifoliae
1476 685 1885 776 proceritas,
1936 685 2053 752 sed
2109 686 2327 755 minus
2388 687 2565 756 utilis

481 828 774 913 aedificiis
791 879 811 911 ‚
838 843 1036 923 atque
1056 828 1330 897 carboni
1361 826 1620 896 :dolata
1643 828 1821 897 vitiis
1849 829 2139 897 obnoxia
2156 844 2299 897 est:
2334 856 2568 924 quam-

480 973 714 1041 obrem
761 971 972 1040 solida
1011 987 1338 1040 utuntur:
1384 970 1585 1041 carbo
1620 972 1691 1037 in
1734 971 2121 1058 agrariorum
2175 942 2566 1044 tantum-of-

480 1114 690 1185 ficinis
746 1112 1197 1207 compendio:
1259 1115 1578 1208 quoniam
1637 1111 1976 1183 desinente
2026 1113 2190 1184 flatu
2255 1119 2561 1210 protinus

475 1259 842 1340 emorienS‚
884 1258 1122 1351 saepius
1156 1258 1586 1350 recoquitur:
1628 1270 1851 1325 cetero
1884 1254 2189 1351 plurimis
2230 1257 2548 1326 scintillis.

480 1401 670 1470 Idem
714 1427 750 1468 e
792 1399 1071 1469 novellis
1120 1397 1375 1468 melior.
1420 1400 1663 1469 Acervi
1698 1399 2009 1468 confertis
2038 1398 2241 1492 ‚taleis
2276 1402 2555 1470 recenti-

475 1546 601 1612 bus
648 1541 790 1612 luto
831 1542 1256 1610 caminantur
1287 1567 1302 1608 ε
1345 1566 1750 1635 accensaque
1783 1557 1964 1610 strue
1994 1542 2208 1610 contis
2239 1545 2558 1638 pungitur

475 1689 835 1757 durescens
863 1686 1048 1781 calyx
1075 1738 1092 1771 ‚
1131 1670 1328 1781 atque
1370 1687 1463 1754 ita
1498 1686 1806 1756 sudorem
1843 1687 2108 1756 emittit.

563 2471 857 2541 Pessima
899 2488 964 2541 et
1005 2473 1282 2541 carboni
1322 2487 1387 2540 et
1423 2471 1718 2540 materiae
1748 2468 2146 2565 haliphloeos
2183 2467 2395 2553 dicta,
2434 2467 2545 2536 cui

468 2616 916 2684 crassissimus
968 2628 1198 2684 cortex
1233 2631 1431 2708 atque
1476 2612 1767 2705 caudex,
1807 2629 1874 2683 et
1911 2612 2305 2708 plerumque
2343 2634 2546 2680 cavus

464 2760 941 2854 fungosusque.
990 2759 1132 2830 Nec
1174 2758 1300 2829 alia
1338 2757 1662 2855 putrescit
1714 2786 1794 2828 ex
1834 2760 1961 2828 hoc
2009 2784 2249 2854 genere
2276 2810 2294 2845 ,
2348 2757 2546 2825 etiam

463 2928 674 2995 quum
709 2904 894 2973 vivit.
932 2903 1118 2992 Quin
1161 2919 1226 2972 et
1261 2902 1542 2972 fulmine
1567 2904 1929 2998 saepissime
1971 2904 2206 2991 icitur,
2244 2901 2546 2994 quamvis

462 3044 814 3115 altitudine
851 3072 986 3116 non
1024 3045 1335 3116 excellat:
1370 3046 1522 3115 ideo
1554 3045 1740 3141 ligno
1773 3048 1915 3140 ejus
1951 3071 2076 3115 nec
2109 3046 2196 3114 ad
2229 3044 2547 3114 sacrificia

462 3190 564 3257 uti
593 3189 689 3259 fas
719 3191 1023 3259 habetur.
1049 3190 1283 3259 Eidem
1308 3216 1459 3259 raro
1483 3189 1705 3284 glanS,
1734 3204 1801 3258 et
1833 3214 2044 3282 quum
2061 3186 2214 3256 tulit
2233 3237 2252 3272 ‚
2276 3210 2503 3255 amara
2523 3239 2543 3271 ‚

463 3358 667 3426 quam
721 3349 961 3428 praeter
1021 3354 1168 3402 sues
1218 3332 1476 3403 nullum
1511 3333 1799 3426 attingat
1842 3330 2132 3401 animal:
2184 3356 2262 3400 ac
2312 3356 2395 3399 ne
2438 3330 2539 3398 hae

461 3477 767 3571 quidem,
811 3480 865 3544 si
904 3476 1083 3545 aliud
1141 3475 1462 3570 pabulum
1517 3476 1827 3545 habeant.
1875 3479 2022 3544 Hoc
2063 3498 2329 3568 quoque
2369 3475 2541 3542 inter

406 3690 411 3696 ,
463 3620 716 3715 reliqua
752 3618 1070 3716 neglectae
1109 3619 1446 3715 religionis
1484 3633 1583 3690 est
1610 3674 1629 3705 ‚
1676 3618 1858 3714 quod
1898 3634 2203 3689 emortuo
2248 3618 2537 3687 carbone

457 3759 884 3828 sacrificatur.

557 3900 766 3971 Glans
824 3901 1011 3997 fagea
1074 3927 1260 3971 suem
1313 3900 1592 3971 hilarem
1648 3901 1808 3970 facit
1834 3953 1854 3987 ‚
1909 3923 2175 3970 carnem
2240 3900 2541 3993 coquibi-

460 4034 591 4105 lem
613 4088 632 4126 ‚
692 4063 772 4106 ac
828 4038 1033 4108 levem
1076 4056 1142 4108 et
1174 4037 1408 4108 utilem
1440 4038 1783 4109 stomacho
1815 4063 1830 4105 z
1886 4037 2092 4132 iligna
2122 4088 2143 4124 ‚
2196 4062 2386 4106 suem
2421 4062 2539 4105 an-
