2941 4807
544 394 622 476 96
1000 399 1061 458 C.
1104 400 1278 460 PLIN
1281 402 1336 459 11
1376 402 1568 463 ms'r.
1610 407 1778 466 MT.
1822 411 1960 469 ΠΒ.
1992 414 2149 471 xvl.

1419 1549 1508 1604 De
1539 1548 1727 1605 ramis.

636 1769 810 1837 LIV.
841 1771 1206 1836 Ramorum
1229 1763 1436 1862 aliqui
1463 1769 1650 1857 caeci,
1685 1771 1799 1863 qui
1821 1795 1959 1839 non
1991 1771 2408 1866 germinant:
2438 1771 2622 1865 quod

542 1924 783 1980 natura
815 1910 924 1998 fit,
962 1911 1017 1979 si
1056 1935 1192 1978 non
1226 1908 1572 1979 evaluere:
1604 1927 1721 1979 aut
1754 1937 1978 2006 poena,
2021 1939 2228 2007 quum
2264 1913 2620 2008 deputatos

538 2056 812 2127 cicatrix
862 2055 1215 2123 hebetavit.
1266 2055 1435 2144 Quae
1479 2054 1764 2123 dividuis
1826 2057 1895 2123 in
1951 2080 2136 2125 ramo
2190 2072 2427 2126 natura
2478 2073 2621 2144 est,

543 2200 688 2268 haec
718 2200 837 2268 viti
873 2200 944 2266 in
979 2197 1208 2285 oculu,
1243 2197 1557 2268 arundini
1601 2199 1671 2267 in
1709 2197 2047 2294 geniculo.
2073 2203 2396 2271 Omnium
2429 2216 2623 2272 terrae

540 2346 842 2441 proxima
894 2345 1235 2415 crassiora.
1293 2345 1375 2413 In
1423 2342 1911 2438 longitudinem
1958 2360 2347 2416 excrescunt
2390 2348 2580 2418 'abies
2599 2402 2621 2435 ‚

540 2490 753 2580 larix,
794 2488 1017 2587 palma
1045 2542 1065 2576 ‚
1107 2509 1494 2583 cupressuS‚
1549 2485 1809 2572 ulmus,
1851 2502 1918 2556 et
1962 2490 2018 2557 si
2060 2513 2188 2582 qua
2242 2491 2616 2585 unistirpia.

548 2640 989 2705 Ramosarum
1011 2656 1273 2701 cerasus
1295 2632 1494 2698 etiam
1520 2632 1589 2698 in
1616 2656 1703 2701 Χῖ,
1722 2629 2102 2701 cubitorum
2124 2630 2365 2719 trabes,
2382 2630 2621 2724 aequali

549 2805 669 2876 per
695 2793 903 2847 totam
932 2776 1140 2844 duum
1168 2774 1546 2844 cubitorum
1576 2772 2013 2843 crassitudine
2045 2775 2391 2867 reperitur.

648 3335 760 3412 31.
801 3337 1122 3433 Quaedam
1160 3341 1380 3410 statim
1417 3343 1488 3408 in
1527 3363 1746 3409 ramos
1786 3350 2223 3432 sparguntur,
2260 3348 2335 3402 ut
2377 3330 2559 3400 mali.

1403 3672 1493 3725 De
1527 3668 1753 3725 cortice.

647 3896 790 3964 LV.
837 3896 1086 3964 Cortex
1137 3891 1281 3961 aliis
1329 3892 1549 3959 tenuis
1570 3937 1590 3978 ,
1633 3903 1707 3957 ut
1747 3887 1935 3957 lauro
1957 3940 1976 3973 ,
2016 3886 2216 3956 tiliae:
2258 3884 2402 3954 aliis
2446 3908 2623 3954 cras·

548 4064 690 4131 sus,
723 4053 798 4108 ut
839 4035 1110 4134 robori}
1125 4034 1510 4131 Aliisdglaevis
1534 4085 1556 4122 ,
1604 4048 1677 4101 ut
1718 4030 1897 4102 nalo
1919 4083 1937 4120 ‚
1986 4031 2132 4099 fico.
2166 4029 2351 4099 Idem
2395 4029 2625 4099 scaber
