2941 4807
476 415 593 492 390
929 412 992 469 c
1033 412 1267 470 Purm
1307 412 1504 470 ms'r.
1547 412 1719 469 NAT.
1763 411 1904 468 Lm.
1933 387 2121 468 xvn.

477 539 697 636 prela,
732 539 1002 610 arbores
1028 538 1225 629 velis,
1258 538 1559 609 turribus
1590 539 1933 633 murisque
1958 534 2383 632 impellendis
2409 538 2585 606 arie-

480 684 625 756 tes?
665 688 823 755 Haec
862 699 962 755 est
1004 698 1261 754 naturae
1302 684 1402 753 vis
1429 735 1449 771 ,
1504 684 1645 753 haec
1697 683 2023 779 potentia.
2078 684 2295 777 Super
2351 681 2586 752 omnia

482 830 647 937 erit,
680 854 719 900 e
747 828 1040 925 lacryma
1071 829 1251 901 nasci
1288 811 1578 925 aliquid,
1605 843 1680 898 ut
1705 852 1829 897 suo
1859 825 2010 900 loco
2041 826 2361 899 dicemus.
2393 830 2585 921 Ergo

482 998 524 1044 e
557 997 875 1070 cupresso
906 972 1154 1042 femina
1194 970 1378 1061 (mas
1411 972 1622 1062 enim,
1662 985 1739 1040 ut
1773 970 2063 1043 diximus
2084 1023 2104 1058 ‚
2138 994 2276 1040 non
2318 941 2582 1065 gignit)

482 1118 710 1215 pilulae
741 1118 1068 1206 collectae,
1107 1119 1352 1213 quibus
1380 1118 1584 1190 docui
1615 1120 1988 1209 mensibus,
2022 1120 2366 1190 siccantur
2396 1116 2581 1188 sole:

484 1278 837 1360 ruptaeque
860 1264 1175 1336 emittunt
1205 1289 1465 1355 semen,
1494 1263 1790 1335 formicis
1815 1265 1985 1334 mire
2008 1264 2416 1359 expetitum:
2444 1287 2587 1331 am·

359 1479 364 1486 ,
483 1407 695 1506 pliato
727 1410 930 1481 etiam
966 1408 1324 1496 miracula,
1362 1408 1605 1481 tantuli
1639 1408 1948 1480 animalis
1977 1408 2127 1481 cibo
2166 1406 2426 1478 absumi
2461 1431 2586 1476 na·

484 1552 691 1625 talem
750 1569 1087 1625 tantarum
1139 1555 1479 1625 arborum.
1535 1556 1796 1627 Seritur
1840 1579 2064 1624 mense
2121 1551 2319 1648 aprili
2349 1604 2370 1642 ,
2425 1575 2591 1622 area

485 1714 748 1793 aequata
777 1696 1093 1796 cylindris
1114 1750 1135 1785 ‚
1177 1713 1295 1770 aut
1325 1695 1634 1794 volgiolis
1659 1750 1680 1786 ,
1723 1697 2004 1769 densum
2039 1723 2056 1767 ε
2099 1712 2411 1791 terraque
2453 1696 2591 1765 cri-
2638 1667 2647 1674 α

488 1843 628 1915 bris
663 1842 1161 1938 supercernitur
1193 1841 1456 1937 pollicis
1492 1844 1950 1944 crassitudine.
1995 1846 2254 1915 Contra
2287 1844 2588 1911 immane

488 1986 756 2083 pondus
792 1985 1102 2057 attollere
1133 2012 1204 2057 se
1241 2012 1379 2057 non
1413 1986 1594 2058 valet
1615 2039 1636 2075 ,
1685 2002 2173 2082 torqueturque
2212 1986 2335 2056 suh
2377 2001 2585 2056 terra.

493 2132 607 2202 Oh
634 2131 767 2201 hoc
804 2130 1075 2226 pavitur
1113 2130 1429 2225 vestigiis·
1479 2130 1752 2201 Leniter
1777 2132 2037 2226 rigatur
2068 2155 2108 2198 a
2148 2126 2307 2200 solis
2336 2154 2587 2200 occasu

493 2277 564 2346 in
613 2277 809 2346 trinis
854 2275 1133 2363 diebus„
1169 2291 1246 2346 ut
1290 2273 1636 2370 aequaliter
1675 2276 1860 2347 bibat
1893 2328 1912 2363 ,
1948 2275 2165 2345 donec
2201 2290 2588 2371 erumpant.

492 2421 924 2494 Differuntur
965 2433 1117 2515 post
1149 2444 1401 2490 annum
1427 2419 1807 2493 dodrantali
1846 2418 1965 2490 filo
1988 2473 2010 2509 ,
2052 2421 2387 2491 custodita
2421 2435 2591 2491 tem-

493 2568 677 2663 perie
697 2619 718 2653 ‚
752 2580 828 2637 ut
860 2565 1062 2635 viridi
1094 2564 1254 2636 caelo
1296 2582 1641 2652 serantur,
1682 2590 1777 2647 ac,
1795 2567 1937 2637 sine
1977 2590 2162 2635 aura.
2198 2566 2592 2661 Mirumque

497 2712 683 2782 dictu
702 2764 723 2799 ,
758 2708 1135 2806 periculum
1175 2735 1257 2781 eo
1288 2724 1556 2781 tantum
1591 2710 1699 2782 die
1739 2726 1839 2782 est
1860 2765 1880 2799 ‚
1917 2713 1973 2781 si
2010 2713 2262 2783 roravit
2295 2729 2592 2808 quantu-

498 2853 933 2947 lumcumque
955 2851 1271 2942 imbrem,
1290 2867 1408 2923 aut
1440 2853 1497 2923 si
1522 2851 1816 2923 adflavit.
1834 2856 1940 2926 De
1959 2854 2216 2951 reliquo
2249 2871 2410 2927 tutae
2435 2871 2593 2928 sunt

499 3013 830 3096 perpetua
868 2997 1220 3070 securitate
1238 3049 1260 3090 ,
1299 3022 1641 3093 aquasque
1672 2995 1895 3069 odere.
