2941 4807
526 401 637 472 154
998 406 1061 463 c.
1104 406 1337 463 PL1N11
1375 405 1570 465 msr.
1614 406 1789 465 ΝΛΤ.
1828 408 1968 469 Lm.
1998 410 2156 466 xvi„
2240 477 2249 485 ,

517 554 626 600 res
664 530 1039 601 adfirment.
1097 530 1489 604 Celebratur
1523 547 1588 602 et
1625 532 1961 604 Thericles
1998 533 2269 604 nomine
2287 585 2309 623 ‚
2355 531 2605 606 calices>

521 698 604 743 ex
647 675 1025 745 terebintho
1070 674 1302 746 solitus
1339 677 1555 748 facere
1596 694 1794 748 torno
1817 730 1836 768 ,
1881 703 2004 772 per
2041 703 2237 772 quem
2273 677 2603 772 probatur

522 820 853 888 materies.
886 821 1211 890 Omnium
1229 822 1385 899 „haec
1426 820 1568 892 sola
1610 823 1773 917 ungi
1811 819 1999 912 vult,
2044 821 2414 935 meliorque
2450 821 2597 891 oleo

520 963 617 1033 fit.
651 961 852 1083 Colos
881 967 1049 1035 mire
1076 964 1492 1036 adulteratur
1512 966 1832 1064 juglande
1850 993 1930 1038 ac
1954 967 2101 1062 piro
2122 966 2408 1037 silvestri
2435 969 2605 1037 tinc-

521 1110 607 1176 tis
633 1159 653 1197 ,
691 1123 902 1202 atque*
926 1110 997 1178 in
1028 1109 1464 1181 medicamine
1502 1110 1809 1182 decoctis.
1846 1106 2215 1201 OmnibuS,
2250 1136 2398 1205 quae
2433 1110 2608 1179 dixi-

525 1274 705 1340 mus,
744 1253 953 1346 spissa
986 1252 1283 1323 firmitas·
1310 1253 1418 1324 Ab
1448 1255 1554 1324 his
1589 1256 1896 1349 proxima
1919 1269 2019 1324 est
2051 1278 2294 1324 cornus
2321 1279 2339 1322 τ
2374 1277 2611 1348 quam-

519 1419 719 1490 quam
745 1392 896 1466 non*
915 1412 1134 1491 potest
1160 1399 1368 1469 videri
1406 1401 1717 1469 materies
1748 1415 2023 1496 propter
2056 1396 2454 1486 exilitatem,
2484 1399 2610 1468 sed

521 1535 779 1633 lignum
817 1562 953 1609 non
990 1539 1119 1609 alio
1149 1564 1334 1634 paene
1354 1593 1373 1627 ,
1419 1566 1624 1634 quam
1659 1540 1745 1608 ad
1774 1539 1997 1609 radios
2030 1555 2328 1610 rotarum
2348 1590 2367 1628 ,
2399 1537 2610 1608 utile:

524 1701 642 1756 aut
677 1687 733 1755 si
770 1687 932 1782 quid
972 1686 1396 1758 cuneandum
1430 1690 1514 1757 sit
1556 1689 1626 1757 in
1660 1686 1880 1786 ligno,
1912 1686 2198 1757 clavisve
2229 1684 2616 1784 figendum,

522 1855 645 1900 ceu
690 1830 936 1906 ferreis.
978 1831 1115 1925 Ilex
1157 1833 1350 1918 item,
1387 1847 1455 1901 et
1490 1830 1810 1922 oleaster,
1845 1846 1914 1901 et
1945 1830 2128 1919 olea,
2148 1844 2364 1937 “atque
2384 1845 2611 1901 casta-

520 2002 645 2049 nea
669 2032 690 2067 ,
729 1979 1042 2072 carpinus
1062 2029 1082 2066 ,
1120 1975 1427 2073 populus.
1466 1982 1626 2048 Haec
1672 1993 1741 2046 et
1776 1979 1990 2072 crispa
2025 1977 2231 2047 aceris
2271 1974 2476 2045 modo
2496 2025 2520 2063 ,
2555 1976 2613 2044 si

520 2123 655 2193 ulla
687 2123 991 2193 materies
1026 2122 1264 2193 idonea
1293 2137 1462 2192 esset
1505 2123 1709 2191 ramis
1750 2145 1922 2217 saepe
1954 2121 2289 2218 deputatis
2316 2146 2332 2189 τ
2363 2134 2615 2190 castra-

520 2269 618 2338 tio
642 2266 756 2336 illa
783 2282 914 2355 est,
949 2266 1315 2361 adimitque
1346 2269 1544 2336 vires.
1579 2270 1682 2336 De
1716 2281 1935 2335 cetero
1964 2264 2299 2362 plerisque
2337 2289 2610 2351 eorum,

525 2406 655 2479 sed·⁴
676 2408 906 2502 utique
944 2408 1210 2496 robori,
1260 2421 1441 2475 tanta
1477 2406 1727 2476 duritia
1783 2421 1883 2475 est
1902 2458 1922 2495 ‚
1977 2419 2055 2474 ut
2105 2402 2426 2474 terebrari
2483 2405 2611 2473 nisi

528 2552 969 2622 madefactum
1002 2576 1139 2620 non
1176 2541 1410 2646 (ineat,
1441 2564 1509 2619 et
1550 2575 1635 2619 ne
1670 2552 1763 2620 sic
1794 2549 2067 2645 quidem
2110 2548 2383 2619 adactus
2415 2545 2612 2617 avelli

522 2697 769 2768 clavus,
812 2701 870 2768 E
909 2697 1173 2767 diverso
1211 2695 1475 2766 clavum
1511 2722 1647 2766 non
1696 2710 1876 2766 tenet
1915 2694 2173 2766 cedrus.
2215 2692 2617 2763 Mollissima

521 2843 701 2913 tilia:
740 2841 968 2913 eadem
1007 2842 1270 2911 videtur
1309 2857 1376 2911 et
1408 2838 1811 2912 calidissima
1844 2866 1861 2910 z
1905 2854 2387 2934 argumentum
2428 2837 2615 2907 adfe-

527 3003 726 3077 runt,
770 2987 954 3081 quod
987 2987 1300 3057 citissime
1340 2988 1550 3068 ascias
1586 2987 1920 3057 retundat.
1963 2984 2212 3056 Calidae
2241 3002 2311 3055 et
2342 2973 2613 3074 morus,

523 3134 786 3225 lauruS,
821 3134 1053 3223 edera,
1082 3148 1149 3203 et
1182 3159 1410 3203 omnes
1447 3159 1486 3203 e
1513 3134 1757 3227 quibus
1789 3134 2068 3230 igniaria
2102 3134 2295 3203 fiunt.

1297 3672 1549 3748 Igniaria
1583 3691 1615 3728 e
1659 3670 1836 3747 ligno,

616 3902 954 3972 LXXVII.
995 3897 1517 3996 Exploratorum
1554 3897 1684 3966 hoc
1722 3919 1885 3964 usus
1934 3894 2007 3962 in
2056 3894 2290 3964 castris
2316 3944 2335 3980 ,
2393 3905 2622 3987 pasto-

524 4072 812 4142 rumque
857 4046 1107 4141 reperit
1131 4096 1151 4133 ‚
1192 4043 1510 4138 quoniam
1563 4039 1649 4111 ad
1693 4039 2158 4111 excudendum
2215 4039 2434 4134 ignem
2481 4062 2620 4107 non
