2941 4807
479 442 550 496 18
964 436 1026 494 C.
1069 438 1300 493 PLINII
1343 436 1535 493 HIST.
1580 439 1748 493 NAT.
1796 439 1933 492 LIB.
1960 438 2117 493 XVI.

473 566 836 661 provinciis
875 580 1035 633 sunt
1067 564 1417 658 aquifoliae.
1454 565 1632 633 Ilicis
1679 558 1869 660 glans
1911 566 2261 658 utriusque
2294 563 2559 632 brevior

472 721 543 776 et
575 706 909 803 gracilior,
951 732 1151 811 quam
1181 711 1514 776 Homerus
1551 705 1784 801 acylon
1826 706 2152 803 appellat,
2187 732 2396 802 eoque
2438 733 2550 775 no-

473 852 653 918 mine
684 876 725 919 a
758 850 998 944 glande
1038 849 1406 944 distinguit.
1439 848 1776 918 Masculas
1817 849 1994 919 ilices
2035 864 2282 945 negant
2313 849 2504 920 serre.

566 1153 780 1223 Glans
827 1156 1082 1249 optima
1141 1155 1207 1221 in
1251 1178 1543 1246 quercu,
1596 1169 1796 1248 atque
1846 1155 2288 1249 grandissima
2326 1182 2342 1224 ε
2398 1182 2554 1225 mox

467 1296 731 1365 esculo:
772 1322 925 1364 narn
961 1296 1220 1364 roboris
1251 1319 1498 1389 parva:
1532 1320 1722 1364 cerro
1758 1298 2003 1384 tristis,
2032 1297 2303 1367 horrida
2326 1350 2344 1386 ,
2380 1298 2554 1367 echi-

469 1456 631 1509 nato
670 1419 933 1536 calyce,
977 1465 1099 1508 ceu
1140 1455 1481 1509 castaneae.
1526 1438 1656 1507 Sed
1696 1455 1762 1510 et
1804 1442 1872 1508 in
1916 1465 2209 1533 querna,
2243 1441 2373 1510 alia
2402 1441 2553 1511 dul-

465 1587 633 1668 cior,
670 1584 1069 1678 molliorque
1102 1584 1363 1652 feminae
1400 1610 1414 1650 :
1456 1587 1630 1652 mari
1669 1586 1962 1679 spissior.
1999 1586 2291 1654 Maxime
2331 1602 2553 1655 autem

467 1730 844 1824 probantur
886 1727 1180 1797 latifoliae
1225 1753 1307 1796 ex
1358 1742 1752 1821 argumento
1810 1728 2022 1796 dictae.
2068 1730 2341 1798 Distant
2380 1730 2554 1797 iuter

465 1899 536 1942 se
563 1872 1066 1967 magnitudine,
1099 1887 1165 1940 et
1199 1872 1366 1940 cutis
1409 1872 1751 1941 tenuitate.
1792 1877 1967 1942 Item
1997 1871 2180 1966 quod
2215 1871 2361 1942 aliis
2395 1874 2552 1942 sub-

462 2035 565 2089 est
619 2021 844 2089 tunica
909 2020 1215 2113 rubigine
1281 2018 1513 2087 scabra
1539 2069 1557 2102 ‚
1629 2014 1771 2086 aliis
1833 2018 2137 2111 protinus
2192 2016 2551 2088 candidum

464 2190 729 2260 corpuS.
775 2164 1111 2234 Probatur
1149 2178 1217 2232 et
1263 2190 1380 2251 ea,
1443 2166 1632 2257 cujus
1670 2165 1740 2232 in
1782 2160 2028 2232 balano
2072 2163 2413 2255 utrimque
2470 2188 2550 2231 ex

466 2280 887 2409 longitudine
915 2364 933 2400 ‚
976 2326 1272 2380 extrema
1315 2308 1662 2403 lapidescit
1699 2308 1989 2376 duritia:
2039 2307 2296 2394 melior,
2334 2309 2442 2376 cui
2479 2309 2549 2375 in

465 2460 717 2527 cortice
737 2509 754 2541 ,
794 2482 997 2551 quam
1031 2456 1139 2525 cui
1173 2456 1243 2522 in
1271 2478 1552 2548 corpore
1583 2479 1597 2520 ε
1637 2468 2003 2546 utrumque
2031 2478 2165 2521 non
2199 2454 2324 2521 nisi
2355 2455 2543 2523 mari.

465 2607 794 2671 Praeterea
836 2601 983 2669 aliis
1018 2615 1211 2668 ovata
1236 2652 1254 2686 ‚
1299 2598 1443 2667 aliis
1480 2598 1800 2686 rotunda,
1838 2596 1983 2666 aliis
2020 2597 2280 2666 acutior
2311 2595 2546 2691 figura.

465 2748 653 2814 Siout
685 2760 748 2813 et
775 2743 958 2813 colos
985 2745 1263 2837 nigrior,
1294 2742 1723 2812 candidiorve
1742 2796 1760 2832 ,
1791 2745 1905 2836 qui
1945 2741 2311 2837 praefertur.
2347 2748 2551 2811 Ama-

464 2881 690 2958 ritudo
731 2891 800 2956 in
839 2890 1412 2972 extremitatibuS‚
1456 2887 1693 2956 mediae
1735 2885 1979 2956 dulceS.
2026 2886 2212 2976 Quin
2258 2900 2326 2954 et
2363 2886 2549 2980 pedi-

464 3023 600 3104 culi
635 3035 923 3104 brevitas
962 3035 1461 3127 proceritasque
1498 3030 1942 3099 differentiam
1985 3029 2206 3099 habet.

558 3649 640 3717 In
675 3649 835 3744 ipsis
870 3672 1027 3715 vero
1065 3645 1455 3735 arboribUS,
1492 3671 1642 3738 quae
1679 3646 2031 3714 maximam
2068 3645 2229 3736 fert,
2264 3645 2550 3715 hemeris

461 3802 765 3871 vocatur,
803 3784 1104 3870 brevior,
1143 3798 1208 3852 et
1250 3785 1319 3885 in
1371 3784 1607 3852 orbem
1649 3808 1920 3853 comosa
1947 3836 1967 3871 ‚
2016 3782 2284 3878 alasque
2328 3809 2549 3854 ramo-

460 3950 615 3996 rum
668 3923 906 3992 crebro
955 3935 1209 3991 cavata.
1259 3920 1527 3989 Fortius
1580 3918 1838 4013 lignum
1894 3944 2180 4014 quercus
2233 3921 2434 3991 habet
2484 3936 2552 3991 et

457 4063 953 4156 incorruptius:
983 4083 1246 4130 ramosa
1278 4074 1347 4126 et
1381 4060 1564 4151 ipsa:
1601 4059 1950 4152 procerior
1988 4073 2240 4148 tamen,
2274 4073 2339 4127 et
2369 4083 2546 4129 cras-
