2941 4807
520 476 593 533 86
975 482 1036 537 C.
1077 481 1303 539 PLINII
1342 483 1536 539 HIST.
1579 483 1744 539 NAT.
1788 483 1926 538 LIB.
1957 481 2120 537 XVI.

1225 745 1362 812 Quae
1395 743 1496 798 uhi
1512 761 1649 799 ‘non
1685 744 1885 799 ferant.

614 962 886 1030 XLVII.
925 962 1126 1030 Fiunt
1178 986 1338 1030 vero
1388 962 1690 1055 quaedam
1752 960 1882 1032 loci
1923 964 2088 1032 vitio
2140 962 2556 1031 infructuosa
2580 1015 2598 1050 ‚

520 1104 691 1171 sicut
728 1103 801 1170 in
837 1107 1011 1172 Paro
1053 1104 1216 1172 silva
1251 1104 1516 1192 caedua,
1571 1130 1719 1197 quae
1757 1105 1923 1173 nihil
1975 1105 2119 1174 fert.
2160 1107 2449 1205 ¹Persicae
2487 1132 2597 1174 ar-

516 1247 713 1314 bores
748 1246 818 1314 in
846 1248 1085 1316 Rhodo
1123 1247 1361 1317 florent
1393 1263 1674 1317 tantum.
1714 1249 1818 1316 Fit
1843 1249 1984 1315 haec
2013 1248 2388 1317 differentia
2417 1263 2484 1316 et
2516 1273 2599 1317 ex

518 1414 677 1459 sexu
703 1417 729 1476 ,τ
783 1393 854 1459 in-
894 1393 1104 1486 iisque
1158 1417 1370 1461 mares
1410 1418 1547 1462 non
1584 1393 1826 1463 ferunt.
1874 1393 2099 1484 Aliqui
2150 1392 2279 1461 hoc
2323 1417 2597 1486 permu-

521 1548 738 1604 tantes
759 1587 779 1622 ‚
820 1560 1037 1625 mares
1073 1561 1212 1606 esse
1230 1591 1250 1622 ‚
1288 1561 1444 1630 quae·
1474 1536 1693 1606 ferant
1715 1589 1735 1622 ‚
1773 1534 2069 1604 tradunt.
2102 1536 2288 1631 Facit
2316 1549 2394 1604 et
2439 1534 2601 1602 den-

522 1676 677 1745 sitas
713 1676 1146 1749 sterilitatem.
1439 1642 1444 1651 Χ

1288 2083 1599 2153 Quomodo
1640 2082 1839 2136 ferant.

618 2306 929 2375 XLVIII.
971 2307 1407 2400 Gignentium
1434 2321 1658 2374 autem
1696 2304 2000 2397 quaedam
2031 2317 2097 2371 et
2133 2300 2448 2369 lateribus
2492 2325 2601 2367 ra-

522 2474 822 2538 morum,
858 2464 922 2516 et
960 2448 1411 2519 cacuminibus
1444 2447 1669 2515 ferunt
1694 2471 1708 2513 :
1737 2461 1810 2514 ut
1836 2426 2053 2539 piruS‚
2085 2445 2369 2527 Punica,
2399 2441 2599 2527 ficm,

521 2610 823 2687 myrtus:
867 2608 1087 2662 cetero
1140 2591 1370 2661 eadem
1410 2606 1650 2660 natura
1672 2643 1692 2677 ‚
1729 2616 1878 2684 quae
1924 2589 2248 2684 frugibus.
2289 2590 2599 2679 Namque

524 2754 589 2807 et
621 2741 693 2807 in
730 2739 822 2809 eis
860 2740 1039 2832 spica
1072 2740 1144 2806 in
1177 2739 1522 2808 cacumine
1555 2740 1870 2824 nascitur,
1905 2735 2243 2831 legumina
2278 2736 2342 2802 in
2381 2733 2602 2800 lateri—

521 2880 667 2949 bus.
708 2878 938 2950 Palma
976 2880 1113 2949 sola
1148 2885 1270 2976 (ut
1301 2881 1558 2962 dictum
1595 2878 1738 2973 est)
1775 2882 1845 2947 in
1901 2879 2148 2973 spathis
2186 2877 2388 2946 habet
2428 2875 2602 2943 fruc-

525 3040 664 3094 tum
689 3080 708 3114 ,
746 3028 1019 3097 racemis
1056 3025 1608 3121 propendentem.

877 3428 1099 3498 Quibus
1129 3427 1367 3495 fructae„
1386 3437 1688 3499 antequam
1720 3424 1882 3492 folia,
1914 3433 2235 3477 nascantur.

617 3654 860 3721 XLIX.
898 3650 1193 3744 Reliquis
1224 3649 1345 3718 sub
1381 3648 1540 3716 folio
1572 3670 1873 3740 pomum,
1914 3659 1990 3712 ut
2021 3657 2444 3737 protegatur,
2487 3668 2594 3709 ex-

526 3815 715 3897 cep-ta
751 3802 914 3890 fiee,
950 3803 1059 3870 cui
1091 3798 1323 3869 folium
1358 3799 1720 3868 maximum
1753 3792 2497 3884 umbrosissimumque,
2532 3806 2596 3858 et

523 3954 673 4023 ideo
698 3977 902 4047 supra
936 3951 1006 4019 id
1026 3974 1339 4044 pomum-2
1372 3950 1433 4016 ei
1464 3947 1733 4016 demum
1762 3945 1968 4012 serius
2002 3940 2237 4010 folium
2272 3942 2592 4025 nascitur,

524 4127 722 4195 quam
757 4122 1049 4193 pomum.
1090 4097 1357 4189 Insigne
1393 4092 1700 4187 proditur
1734 4093 1803 4159 iu
1835 4088 2136 4182 quodam*
2168 4111 2404 4181 genere
2439 4084 2599 4155 Cili-
