2941 4807
508 386 615 443 152
999 390 1062 446 C.
1104 388 1343 444 PLlNll
1385 388 1576 445 HIST.
1619 388 1786 443 NAT.
1830 387 1968 442 LIB.
1997 382 2153 442 XVI.

503 528 649 591 tum
672 566 694 603 ,
728 501 1151 609 quatuorque
1192 530 1466 585 truncos
1507 513 1751 609 lapidis
1789 513 2084 608 ejusdem
2129 510 2232 581 ad,
2263 509 2603 578 sustinen-

507 659 667 728 dum
708 683 861 728 eum
901 657 1226 727 adduxit:
1266 684 1398 751 qua
1439 683 1610 728 nave
1657 659 1823 728 nihil
1869 653 2330 726 admirabilius
2373 655 2603 724 visum

509 806 578 873 in
609 806 775 872 mari
810 818 1066 872 certum
1094 820 1231 873 est:
1261 829 1389 874 cxx
1417 829 1477 873 M
1509 804 1808 871 modium
1843 800 2035 871 lentis
2071 826 2197 896 pro
2223 799 2506 869 saburra
2541 798 2605 866 ei

510 935 716 1021 fuere.
756 951 1138 1047 Longitudo
1178 951 1794 1055 spatium-obtinuit
1833 974 2075 1045 magna
2113 973 2194 1017 ex
2232 962 2427 1042 parte
2469 949 2611 1015 Os-

447 1110 451 1115 ’
512 1097 741 1167 tiensis
766 1112 1000 1193 portus
1017 1097 1424 1167 laterelaevo.
1444 1097 1547 1166 Ibi
1576 1120 1862 1190 namque
1889 1094 2192 1167 demersa
2218 1107 2318 1162 est
2342 1117 2383 1160 a
2401 1091 2619 1161 Clau-

516 1241 629 1311 dio
659 1243 994 1336 principe,
1015 1267 1179 1312 cum
1212 1243 1426 1312 tribus
1458 1240 1747 1311 molibus
1772 1291 1790 1327 ‚
1825 1240 2115 1309 turrium
2146 1238 2509 1308 altitudine
2542 1240 2615 1306 in

517 1407 593 1454 ea
627 1385 1047 1456 exaedificatis
1083 1384 1170 1455 ob
1220 1387 1346 1454 iter
1384 1385 1755 1454 Puteolano
1799 1385 2107 1480 pulvere,
2160 1383 2615 1476 advectisque.

518 1528 795 1596 Arboris
814 1528 872 1623 ej
883 1554 958 1596 us
977 1527 1346 1598 crassitudo
1368 1543 1660 1622 quatuor
1686 1529 2036 1597 hominum
2066 1526 2256 1596 ulnas
2278 1525 2503 1621 compl
2513 1551 2622 1594 ec-

521 1672 810 1741 tentium
853 1671 1193 1766 implebat.
1224 1634 1583 1768 Vulgoque
1624 1672 1899 1761 auditur
1933 1696 2115 1743 Lxxx
2153 1690 2212 1742 M
2260 1696 2622 1740 nummum

417 1834 422 1839 '
525 1828 593 1882 et
624 1813 838 1911 pluris
868 1815 1083 1885 malos
1127 1816 1516 1885 venumdari
1549 1816 1634 1885 ad
1667 1842 1780 1885 eos
1816 1841 2008 1902 usuS,
2047 1831 2224 1885 rates
2259 1840 2418 1884 vero
2456 1840 2626 1883 con·

525 1959 703 2029 necti
745 1983 833 2028 Χῖ.
868 1964 979 2029 Η-
1002 1962 1048 2028 S
1097 1958 1465 2054 plerasque.
1517 1964 1603 2031 At
1645 1961 1715 2029 in
1755 1962 2043 2055 AEgypto
2082 1975 2152 2028 et
2195 1961 2385 2053 Syria
2425 1983 2627 2053 reges

528 2103 756 2196 inopia
792 2103 1026 2173 abietis
1063 2103 1263 2173 cedro
1303 2104 1387 2172 ad
1422 2102 1655 2174 classes
1689 2104 2000 2173 feruntur
2039 2105 2162 2172 usi.
2203 2104 2509 2172 Maxima
2549 2127 2625 2170 ea

530 2246 601 2312 in
635 2246 862 2339 Cypro
897 2247 1216 2336 traditur,
1260 2247 1344 2316 ad
1381 2248 1872 2317 undeciremem
1924 2233 2251 2316 Demetrii
2308 2248 2577 2315 succisa
2605 2298 2625 2332 ,

532 2407 799 2460 centum
829 2394 1102 2488 triginta
1134 2393 1416 2489 pedum,
1454 2392 1911 2462 crassitudinis
1944 2418 2106 2461 vero
2150 2391 2233 2461 ad
2262 2370 2471 2461 trium
2514 2393 2634 2460 ho-

532 2536 792 2604 minum
830 2537 1268 2631 complexum.
1306 2539 1689 2606 Germaniae
1725 2537 2074 2631 praedones
2116 2503 2395 2630 singulis
2433 2537 2634 2605 arbo-

536 2680 722 2749 ribus
756 2682 1005 2749 cavatis
1040 2683 1395 2775 navigant,
1434 2706 1721 2775 quarum
1760 2681 2069 2774 quaedam
2102 2695 2167 2749 et
2203 2681 2483 2775 triginta
2512 2682 2634 2749 ho-

540 2824 752 2892 mines
788 2823 1029 2892 ferunt.

636 3160 1071 3255 spississima,
1101 3185 1182 3229 ex
1212 3162 1396 3228 omni
1426 3161 1739 3247 materie,
1778 3160 1927 3228 ideo
1963 3174 2029 3228 et
2057 3160 2448 3253 gravissima
2468 3210 2488 3246 ,
2522 3159 2633 3251 ju-

544 3302 803 3371 dicatur
838 3305 1127 3390 ebenuS,
1170 3318 1238 3372 et
1293 3304 1511 3372 buxus
1535 3356 1553 3391 ,
1606 3302 1885 3397 graciles
1925 3318 2167 3371 natura
2209 3329 2225 3370 ε
2281 3317 2523 3370 neutra
2565 3304 2632 3369 in

545 3446 734 3539 aquis
759 3445 1006 3532 fluitat,
1030 3472 1154 3516 nec
1189 3448 1406 3535 suber,
1434 3449 1490 3515 si
1523 3447 1828 3515 dematur
1861 3462 2126 3516 cortex:
2159 3433 2277 3515 nec
2313 3446 2503 3514 larix.
2540 3421 2635 3515 En

546 3588 818 3683 reliquis
841 3587 1192 3661 siccissima
1211 3592 1407 3677 lotos,
1426 3618 1573 3686 quae
1593 3598 1822 3662 Romae
1844 3594 1939 3660 ita
1959 3590 2352 3687 appellatur.
2370 3591 2637 3659 Deinde

549 3726 755 3795 robur
795 3726 1304 3797 exalburnatum
1337 3756 1351 3798 ε
1385 3746 1451 3798 et
1482 3732 1639 3800 huic
1678 3730 2017 3825 nigricans
2052 3729 2258 3817 color,
2292 3732 2637 3826 magisque

549 3866 749 3934 etiam
793 3867 1002 3961 cytiso
1026 3918 1043 3953 ,
1094 3891 1243 3959 quae
1278 3869 1579 3961 proxime
1617 3866 1928 3967 accedere
1989 3869 2274 3937 ebenum
2329 3869 2636 3952 videtum

554 4027 955 4097 quamquam
1007 4030 1142 4076 non
1177 4005 1434 4090 desint,
1470 4005 1585 4096 qui
1616 4006 1916 4096 Syriacas
1954 4007 2364 4076 terebinthos
2394 4009 2637 4102 nigrio-
