2941 4807
521 456 631 495 122
1008 442 1071 500 C.
1113 442 1343 502 PLINII
1384 436 1579 504 HIST.
1621 451 1791 507 NAT.
1834 453 1974 509 LIB.
2002 454 2159 512 XVI.

521 565 1045 639 mendatioribus
1081 595 1098 637 z
1138 592 1545 667 quamquam
1601 575 2041 670 praeferantur
2075 581 2268 672 Indi,
2324 564 2619 679 quorum

520 709 650 780 alia
681 712 1082 807 quibusdam
1120 715 1385 785 videtur
1423 732 1696 806 natura,
1736 723 2005 815 quando
2041 739 2108 795 et
2142 725 2493 798 hastarum
2529 734 2622 800 vi-

518 881 662 926 cem
689 858 987 953 praebent
1011 858 1254 929 additis
1273 861 1684 957 cuspidibus.
1707 832 2044 936 Arundini
2063 870 2333 963 quidem
2368 874 2619 947 Indicae

520 1003 800 1074 arborea
856 1003 1229 1100 amplitudo
1266 1032 1283 1074 ε
1328 1005 1557 1100 quales
1612 1007 1816 1107 vulgo
1868 1012 1936 1079 in
1981 1013 2243 1110 templis
2293 1016 2616 1090 videmus.

518 1147 808 1218 Differre
848 1172 1065 1219 mares
1103 1174 1181 1220 ac
1226 1150 1506 1220 feminas
1550 1152 1621 1220 in
1662 1153 1768 1223 his
1821 1180 2088 1250 quoque
2119 1159 2271 1229 Indi
2313 1162 2615 1234 tradunt.

520 1292 806 1387 Spissius
838 1295 1008 1362 mari
1041 1318 1285 1390 eorpus
1310 1346 1329 1384 ,
1373 1295 1634 1366 feminae
1671 1300 2006 1394 capacius
2039 1304 2619 1403 Navigiorumque

519 1439 719 1507 etiam
756 1440 969 1507 vicem
1005 1455 1327 1533 praestant
1367 1441 1459 1538 (si
1492 1440 1861 1540 credimus)
1906 1447 2169 1542 singula
2204 1450 2613 1524 internodia.

520 1583 715 1654 Circa
739 1583 1088 1654 Acesinem
1121 1609 1384 1655 amnem
1426 1587 1712 1656 maxime
1750 1605 2140 1661 nascuntur.

616 2549 902 2619 Arundo
940 2549 1155 2625 omnis
1196 2571 1276 2615 ex
1318 2570 1453 2614 una
1493 2545 1700 2642 stirpe
1739 2567 2138 2633 numerosa,
2181 2556 2382 2637 atque
2413 2540 2614 2610 etiam

522 2696 737 2765 recisa
781 2689 1133 2763 fecundius
1169 2692 1477 2787 resurgit.
1525 2688 1746 2761 Radix
1787 2705 2028 2759 natura
2070 2687 2304 2774 vivax,
2341 2687 2616 2781 genicu-

520 2839 655 2908 lata
687 2853 759 2908 et
795 2840 959 2933 ipsa.
993 2835 1181 2906 Folia
1215 2834 1468 2905 Indicis
1511 2850 1774 2905 tantum
1809 2834 2056 2902 brevia.
2084 2831 2418 2904 Omnibus
2455 2855 2617 2900 vero

523 3010 563 3055 a
598 2985 780 3054 nodo
812 3009 967 3066 orsa
992 2980 1347 3077 complexu
1378 2996 1611 3050 tenues
1645 3004 1767 3074 per
1795 2978 2121 3047 ambitum
2152 2976 2483 3047 inducunt
2510 2950 2618 3045 tu·

522 3132 748 3200 nicas:
788 3144 989 3224 atque
1027 3153 1067 3197 a
1112 3126 1333 3196 medio
1376 3123 1758 3195 internodio
1797 3147 2005 3218 quum
2035 3120 2406 3217 plurimum
2438 3117 2614 3190 desi-

521 3291 697 3345 nunt
726 3277 970 3345 vestire
992 3328 1009 3361 ‚
1050 3272 1665 3369 procumbuntque.
1704 3271 1947 3340 Latera
1978 3268 2294 3339 arundini
2325 3264 2614 3337 calamo-

522 3447 654 3517 que
697 3422 767 3490 in
813 3418 1224 3490 rotunditate
1269 3418 1429 3486 bina
1452 3469 1472 3501 ‚
1528 3441 1730 3511 super
1777 3411 1990 3484 nodos
2041 3411 2299 3484 alterno
2349 3436 2613 3506 semper

525 3568 801 3665 inguine
818 3619 837 3654 ‚
869 3582 946 3635 ut
976 3564 1259 3635 alterum
1281 3562 1365 3633 ad
1387 3563 1621 3634 dextra
1647 3562 1796 3655 fiat,
1823 3560 2111 3634 alterum
2139 3560 2481 3655 superiore
2504 3581 2613 3653 ge-

526 3709 753 3783 niculo
795 3710 881 3780 ad
924 3707 1087 3779 laeva
1120 3731 1241 3804 per
1273 3709 1468 3778 viceS.
1511 3706 1680 3778 Inde
1721 3720 1965 3776 exeunt
2006 3701 2367 3798 aliquando
2399 3704 2612 3791 rami,

528 3859 646 3953 qui
685 3871 841 3928 sunt
880 3855 1119 3926 calami
1155 3870 1409 3924 tenues.
