<?xml version="1.0" encoding="UTF-8"?>
<!DOCTYPE html PUBLIC "-//W3C//DTD XHTML 1.0 Transitional//EN"
    "http://www.w3.org/TR/xhtml1/DTD/xhtml1-transitional.dtd">
<html xmlns="http://www.w3.org/1999/xhtml" xml:lang="en" lang="en">
 <head>
  <title>
</title>
<meta http-equiv="Content-Type" content="text/html;charset=utf-8" />
  <meta name='ocr-system' content='tesseract 3.04.00' />
  <meta name='ocr-capabilities' content='ocr_page ocr_carea ocr_par ocr_line ocrx_word'/>
</head>
<body>
  <div class='ocr_page' id='page_1' title='image "./histoirenaturel00grangoog_0354.png"; bbox 0 0 2941 4807; ppageno 0'>
   <div class='ocr_carea' id='block_1_1' title="bbox 518 364 2165 432">
    <p class='ocr_par' dir='ltr' id='par_1_1' title="bbox 518 364 2165 432">
     <span class='ocr_line' id='line_1_1' title="bbox 518 364 2165 432; baseline 0.004 -11"><span class='ocrx_word' id='word_1_1' title='bbox 518 364 633 432; x_wconf 69' lang='grc'><strong>344</strong></span> <span class='ocrx_word' id='word_1_2' title='bbox 970 372 1033 425; x_wconf 90' lang='lat' dir='ltr'><strong>C.</strong></span> <span class='ocrx_word' id='word_1_3' title='bbox 1075 372 1314 427; x_wconf 85' lang='lat' dir='ltr'><strong>PLINII</strong></span> <span class='ocrx_word' id='word_1_4' title='bbox 1354 373 1547 427; x_wconf 86' lang='lat' dir='ltr'><strong>HIST.</strong></span> <span class='ocrx_word' id='word_1_5' title='bbox 1592 373 1760 427; x_wconf 87' lang='lat' dir='ltr'><strong>NAT.</strong></span> <span class='ocrx_word' id='word_1_6' title='bbox 1805 374 1945 427; x_wconf 88' lang='lat' dir='ltr'><strong>LIB.</strong></span> <span class='ocrx_word' id='word_1_7' title='bbox 1976 373 2165 427; x_wconf 86' lang='lat' dir='ltr'>XVII.</span> 
     </span>
    </p>
   </div>
   <div class='ocr_carea' id='block_1_2' title="bbox 516 493 2640 3770">
    <p class='ocr_par' dir='ltr' id='par_1_2' title="bbox 516 493 2640 3770">
     <span class='ocr_line' id='line_1_2' title="bbox 516 493 2621 593; baseline 0.001 -34"><span class='ocrx_word' id='word_1_8' title='bbox 516 493 762 567; x_wconf 81' lang='lat' dir='ltr'><strong>imbres</strong></span> <span class='ocrx_word' id='word_1_9' title='bbox 786 545 807 582; x_wconf 91' lang='lat'><strong>,</strong></span> <span class='ocrx_word' id='word_1_10' title='bbox 842 496 914 565; x_wconf 85' lang='lat' dir='ltr'><strong>in</strong></span> <span class='ocrx_word' id='word_1_11' title='bbox 955 511 1172 566; x_wconf 87' lang='lat' dir='ltr'><strong>totum</strong></span> <span class='ocrx_word' id='word_1_12' title='bbox 1220 522 1425 591; x_wconf 87' lang='lat' dir='ltr'><strong>poma</strong></span> <span class='ocrx_word' id='word_1_13' title='bbox 1458 497 1830 593; x_wconf 83' lang='lat' dir='ltr'><strong>depereunt</strong></span> <span class='ocrx_word' id='word_1_14' title='bbox 1857 523 1873 564; x_wconf 72' lang='grc' dir='ltr'>ε</span> <span class='ocrx_word' id='word_1_15' title='bbox 1898 497 2080 567; x_wconf 66' lang='lat' dir='ltr'><strong>‘adeo</strong></span> <span class='ocrx_word' id='word_1_16' title='bbox 2121 511 2199 566; x_wconf 93' lang='lat' dir='ltr'><strong>ut</strong></span> <span class='ocrx_word' id='word_1_17' title='bbox 2252 493 2621 590; x_wconf 84' lang='lat' dir='ltr'><strong>amygdalae</strong></span> 
     </span>
     <span class='ocr_line' id='line_1_3' title="bbox 518 636 2624 732; baseline 0 -26"><span class='ocrx_word' id='word_1_18' title='bbox 518 652 587 706; x_wconf 91' lang='lat' dir='ltr'><strong>et</strong></span> <span class='ocrx_word' id='word_1_19' title='bbox 629 638 793 732; x_wconf 89' lang='lat' dir='ltr'><strong>piri,</strong></span> <span class='ocrx_word' id='word_1_20' title='bbox 830 639 1030 710; x_wconf 87' lang='lat' dir='ltr'><strong>etiam</strong></span> <span class='ocrx_word' id='word_1_21' title='bbox 1065 642 1123 709; x_wconf 82' lang='lat' dir='ltr'><strong>si</strong></span> <span class='ocrx_word' id='word_1_22' title='bbox 1156 641 1439 711; x_wconf 89' lang='lat' dir='ltr'><strong>omnino</strong></span> <span class='ocrx_word' id='word_1_23' title='bbox 1477 640 1782 711; x_wconf 88' lang='lat' dir='ltr'><strong>nubilum</strong></span> <span class='ocrx_word' id='word_1_24' title='bbox 1822 640 1984 729; x_wconf 79' lang='lat' dir='ltr'><strong>fuit&#39;,</strong></span> <span class='ocrx_word' id='word_1_25' title='bbox 2014 639 2460 711; x_wconf 88' lang='lat' dir='ltr'><strong>Austrinusve</strong></span> <span class='ocrx_word' id='word_1_26' title='bbox 2492 636 2624 707; x_wconf 75' lang='lat' dir='ltr'><strong>⁴fla-</strong></span> 
     </span>
     <span class='ocr_line' id='line_1_4' title="bbox 520 762 2624 880; baseline -0.001 -30"><span class='ocrx_word' id='word_1_27' title='bbox 520 796 669 867; x_wconf 87' lang='lat' dir='ltr'><strong>tus,</strong></span> <span class='ocrx_word' id='word_1_28' title='bbox 704 783 1016 857; x_wconf 87' lang='lat' dir='ltr'><strong>amittant</strong></span> <span class='ocrx_word' id='word_1_29' title='bbox 1047 783 1240 854; x_wconf 78' lang='lat' dir='ltr'><strong>fetus,</strong></span> <span class='ocrx_word' id='word_1_30' title='bbox 1277 786 1477 855; x_wconf 85' lang='lat' dir='ltr'><strong>Circa</strong></span> <span class='ocrx_word' id='word_1_31' title='bbox 1514 767 1850 880; x_wconf 76' lang='lat' dir='ltr'><strong>Vergilias</strong></span> <span class='ocrx_word' id='word_1_32' title='bbox 1893 781 2167 877; x_wconf 87' lang='lat' dir='ltr'><strong>quidem</strong></span> <span class='ocrx_word' id='word_1_33' title='bbox 2194 762 2442 875; x_wconf 33' lang='lat' dir='ltr'><strong>‘pluere</strong></span> <span class='ocrx_word' id='word_1_34' title='bbox 2492 781 2624 848; x_wconf 89' lang='lat' dir='ltr'><strong>ini-</strong></span> 
     </span>
     <span class='ocr_line' id='line_1_5' title="bbox 522 926 2622 1026; baseline -0.001 -31"><span class='ocrx_word' id='word_1_35' title='bbox 522 927 958 1022; x_wconf 79' lang='lat' dir='ltr'><strong>micissimum</strong></span> <span class='ocrx_word' id='word_1_36' title='bbox 982 929 1101 996; x_wconf 89' lang='lat' dir='ltr'><strong>viti</strong></span> <span class='ocrx_word' id='word_1_37' title='bbox 1134 943 1201 997; x_wconf 89' lang='lat' dir='ltr'><strong>et</strong></span> <span class='ocrx_word' id='word_1_38' title='bbox 1222 926 1384 998; x_wconf 86' lang='lat' dir='ltr'><strong>oleae</strong></span> <span class='ocrx_word' id='word_1_39' title='bbox 1410 954 1425 996; x_wconf 74' lang='grc' dir='ltr'><strong><em>ε</em></strong></span> <span class='ocrx_word' id='word_1_40' title='bbox 1455 931 1778 1026; x_wconf 87' lang='lat' dir='ltr'><strong>quoniam</strong></span> <span class='ocrx_word' id='word_1_41' title='bbox 1801 942 1963 997; x_wconf 89' lang='lat' dir='ltr'><strong>tunc</strong></span> <span class='ocrx_word' id='word_1_42' title='bbox 1985 928 2201 997; x_wconf 87' lang='lat' dir='ltr'><strong>coitus</strong></span> <span class='ocrx_word' id='word_1_43' title='bbox 2228 940 2333 998; x_wconf 86' lang='lat' dir='ltr'><strong>est</strong></span> <span class='ocrx_word' id='word_1_44' title='bbox 2351 951 2622 994; x_wconf 84' lang='lat' dir='ltr'><strong>earum:</strong></span> 
     </span>
     <span class='ocr_line' id='line_1_6' title="bbox 519 1042 2629 1168; baseline -0.002 -27"><span class='ocrx_word' id='word_1_45' title='bbox 519 1042 652 1141; x_wconf 79' lang='lat' dir='ltr'><strong>hoe</strong></span> <span class='ocrx_word' id='word_1_46' title='bbox 691 1086 791 1167; x_wconf 83' lang='lat' dir='ltr'><strong>est</strong></span> <span class='ocrx_word' id='word_1_47' title='bbox 824 1071 990 1142; x_wconf 92' lang='lat' dir='ltr'><strong>illud</strong></span> <span class='ocrx_word' id='word_1_48' title='bbox 1027 1072 1463 1168; x_wconf 80' lang='lat' dir='ltr'><strong>quatriduum</strong></span> <span class='ocrx_word' id='word_1_49' title='bbox 1503 1073 1666 1142; x_wconf 90' lang='lat' dir='ltr'><strong>oleis</strong></span> <span class='ocrx_word' id='word_1_50' title='bbox 1706 1074 2185 1161; x_wconf 88' lang='lat' dir='ltr'><strong>decretorium,</strong></span> <span class='ocrx_word' id='word_1_51' title='bbox 2224 1072 2335 1142; x_wconf 87' lang='lat' dir='ltr'><strong>hic</strong></span> <span class='ocrx_word' id='word_1_52' title='bbox 2371 1072 2629 1140; x_wconf 82' lang='lat' dir='ltr'><strong>articu-</strong></span> 
     </span>
     <span class='ocr_line' id='line_1_7' title="bbox 520 1215 2627 1314; baseline -0 -28"><span class='ocrx_word' id='word_1_53' title='bbox 520 1215 629 1286; x_wconf 91' lang='lat' dir='ltr'><strong>lus</strong></span> <span class='ocrx_word' id='word_1_54' title='bbox 663 1219 1022 1287; x_wconf 87' lang='lat' dir='ltr'><strong>Austrinus</strong></span> <span class='ocrx_word' id='word_1_55' title='bbox 1055 1217 1271 1287; x_wconf 87' lang='lat' dir='ltr'><strong>nubili</strong></span> <span class='ocrx_word' id='word_1_56' title='bbox 1306 1220 1571 1314; x_wconf 87' lang='lat' dir='ltr'><strong>spurci,</strong></span> <span class='ocrx_word' id='word_1_57' title='bbox 1607 1217 1791 1312; x_wconf 93' lang='lat' dir='ltr'><strong>quod</strong></span> <span class='ocrx_word' id='word_1_58' title='bbox 1826 1218 2136 1287; x_wconf 85' lang='lat' dir='ltr'><strong>diximus.</strong></span> <span class='ocrx_word' id='word_1_59' title='bbox 2164 1220 2420 1310; x_wconf 80' lang='lat' dir='ltr'><strong>Fruges</strong></span> <span class='ocrx_word' id='word_1_60' title='bbox 2448 1240 2627 1309; x_wconf 87' lang='lat' dir='ltr'><strong>quo·</strong></span> 
     </span>
     <span class='ocr_line' id='line_1_8' title="bbox 520 1356 2630 1451; baseline -0 -24"><span class='ocrx_word' id='word_1_61' title='bbox 520 1369 655 1451; x_wconf 83' lang='lat' dir='ltr'><strong>que</strong></span> <span class='ocrx_word' id='word_1_62' title='bbox 705 1359 897 1451; x_wconf 87' lang='lat' dir='ltr'><strong>pejus</strong></span> <span class='ocrx_word' id='word_1_63' title='bbox 939 1373 1398 1431; x_wconf 86' lang='lat' dir='ltr'><strong>maturescunt</strong></span> <span class='ocrx_word' id='word_1_64' title='bbox 1442 1360 1774 1430; x_wconf 88' lang='lat' dir='ltr'><strong>Austrinis</strong></span> <span class='ocrx_word' id='word_1_65' title='bbox 1823 1357 2056 1428; x_wconf 90' lang='lat' dir='ltr'><strong>diebus</strong></span> <span class='ocrx_word' id='word_1_66' title='bbox 2079 1410 2098 1447; x_wconf 91' lang='lat'><strong>,</strong></span> <span class='ocrx_word' id='word_1_67' title='bbox 2151 1358 2267 1427; x_wconf 91' lang='lat' dir='ltr'><strong>sed</strong></span> <span class='ocrx_word' id='word_1_68' title='bbox 2321 1356 2630 1427; x_wconf 85' lang='lat' dir='ltr'><strong>celerius.</strong></span> 
     </span>
     <span class='ocr_line' id='line_1_9' title="bbox 526 1500 2631 1611; baseline 0 -41"><span class='ocrx_word' id='word_1_69' title='bbox 526 1500 849 1575; x_wconf 77' lang='lat' dir='ltr'><strong>Illa&#39;sunt</strong></span> <span class='ocrx_word' id='word_1_70' title='bbox 889 1506 1090 1573; x_wconf 85' lang='lat' dir='ltr'><strong>noxia</strong></span> <span class='ocrx_word' id='word_1_71' title='bbox 1131 1505 1421 1601; x_wconf 77' lang='lat' dir='ltr'><strong>frigora,</strong></span> <span class='ocrx_word' id='word_1_72' title='bbox 1456 1531 1606 1600; x_wconf 83' lang='lat' dir='ltr'><strong>quae</strong></span> <span class='ocrx_word' id='word_1_73' title='bbox 1644 1505 2208 1611; x_wconf 82' lang='lat' dir='ltr'><strong>septentrionibus</strong></span> <span class='ocrx_word' id='word_1_74' title='bbox 2233 1556 2254 1593; x_wconf 92' lang='lat'><strong>,</strong></span> <span class='ocrx_word' id='word_1_75' title='bbox 2294 1519 2414 1571; x_wconf 88' lang='lat' dir='ltr'><strong>aut</strong></span> <span class='ocrx_word' id='word_1_76' title='bbox 2457 1528 2631 1596; x_wconf 81' lang='lat' dir='ltr'><strong>prae-</strong></span> 
     </span>
     <span class='ocr_line' id='line_1_10' title="bbox 524 1646 2632 1743; baseline 0 -28"><span class='ocrx_word' id='word_1_77' title='bbox 524 1646 806 1739; x_wconf 83' lang='lat' dir='ltr'><strong>posteris</strong></span> <span class='ocrx_word' id='word_1_78' title='bbox 848 1646 1023 1717; x_wconf 89' lang='lat' dir='ltr'><strong>fiunt</strong></span> <span class='ocrx_word' id='word_1_79' title='bbox 1073 1648 1280 1719; x_wconf 80' lang='lat' dir='ltr'><strong>horiS.</strong></span> <span class='ocrx_word' id='word_1_80' title='bbox 1331 1651 1642 1718; x_wconf 87' lang='lat' dir='ltr'><strong>Hiemem</strong></span> <span class='ocrx_word' id='word_1_81' title='bbox 1691 1649 1963 1743; x_wconf 90' lang='lat' dir='ltr'><strong>quidem</strong></span> <span class='ocrx_word' id='word_1_82' title='bbox 2021 1647 2428 1742; x_wconf 90' lang='lat' dir='ltr'><strong>aquiloniam</strong></span> <span class='ocrx_word' id='word_1_83' title='bbox 2485 1673 2632 1717; x_wconf 89' lang='lat' dir='ltr'><strong>esse</strong></span> 
     </span>
     <span class='ocr_line' id='line_1_11' title="bbox 526 1792 2631 1888; baseline 0 -27"><span class='ocrx_word' id='word_1_84' title='bbox 526 1794 836 1863; x_wconf 92' lang='lat' dir='ltr'><strong>omnibus</strong></span> <span class='ocrx_word' id='word_1_85' title='bbox 875 1794 1034 1862; x_wconf 89' lang='lat' dir='ltr'><strong>satis</strong></span> <span class='ocrx_word' id='word_1_86' title='bbox 1078 1792 1525 1863; x_wconf 89' lang='lat' dir='ltr'><strong>utilissimum.</strong></span> <span class='ocrx_word' id='word_1_87' title='bbox 1566 1796 1818 1864; x_wconf 83' lang='lat' dir='ltr'><strong>Imbres</strong></span> <span class='ocrx_word' id='word_1_88' title='bbox 1863 1820 2019 1864; x_wconf 91' lang='lat' dir='ltr'><strong>vero</strong></span> <span class='ocrx_word' id='word_1_89' title='bbox 2065 1810 2226 1865; x_wconf 88' lang='lat' dir='ltr'><strong>tunc</strong></span> <span class='ocrx_word' id='word_1_90' title='bbox 2273 1794 2631 1888; x_wconf 83' lang='lat' dir='ltr'><strong>expetendi</strong></span> 
     </span>
     <span class='ocr_line' id='line_1_12' title="bbox 526 1906 2640 2032; baseline 0 -26"><span class='ocrx_word' id='word_1_91' title='bbox 526 1937 795 2011; x_wconf 84' lang='lat' dir='ltr'><strong>evidens</strong></span> <span class='ocrx_word' id='word_1_92' title='bbox 826 1964 1024 2009; x_wconf 87' lang='lat' dir='ltr'><strong>causa</strong></span> <span class='ocrx_word' id='word_1_93' title='bbox 1054 1910 1182 2024; x_wconf 85' lang='lat' dir='ltr'><strong>est,</strong></span> <span class='ocrx_word' id='word_1_94' title='bbox 1220 1941 1534 2032; x_wconf 88' lang='lat' dir='ltr'><strong>quoniam</strong></span> <span class='ocrx_word' id='word_1_95' title='bbox 1576 1939 1848 2009; x_wconf 88' lang='lat' dir='ltr'><strong>arbores</strong></span> <span class='ocrx_word' id='word_1_96' title='bbox 1898 1940 2036 2008; x_wconf 88' lang='lat' dir='ltr'><strong>fetu</strong></span> <span class='ocrx_word' id='word_1_97' title='bbox 2082 1940 2455 2008; x_wconf 87' lang='lat' dir='ltr'><strong>exinanitas</strong></span> <span class='ocrx_word' id='word_1_98' title='bbox 2482 1990 2505 2027; x_wconf 94' lang='lat'><strong>,</strong></span> <span class='ocrx_word' id='word_1_99' title='bbox 2550 1906 2640 2007; x_wconf 33' lang='lat' dir='ltr'><strong>&#39;et</strong></span> 
     </span>
     <span class='ocr_line' id='line_1_13' title="bbox 527 2067 2629 2184; baseline 0.002 -37"><span class='ocrx_word' id='word_1_100' title='bbox 527 2079 840 2150; x_wconf 90' lang='lat' dir='ltr'><strong>foliorum</strong></span> <span class='ocrx_word' id='word_1_101' title='bbox 865 2108 1132 2176; x_wconf 84' lang='lat' dir='ltr'><strong>quoque</strong></span> <span class='ocrx_word' id='word_1_102' title='bbox 1164 2085 1519 2153; x_wconf 80' lang='lat' dir='ltr'><strong>amissione</strong></span> <span class='ocrx_word' id='word_1_103' title='bbox 1556 2083 1934 2178; x_wconf 82' lang='lat' dir='ltr'><strong>languidas,</strong></span> <span class='ocrx_word' id='word_1_104' title='bbox 1959 2067 2260 2152; x_wconf 85' lang='lat' dir='ltr'><strong>naturale</strong></span> <span class='ocrx_word' id='word_1_105' title='bbox 2285 2100 2385 2152; x_wconf 86' lang='lat' dir='ltr'><strong>est</strong></span> <span class='ocrx_word' id='word_1_106' title='bbox 2425 2083 2629 2184; x_wconf 61' lang='lat' dir='ltr'><strong>avide</strong></span> 
     </span>
     <span class='ocr_line' id='line_1_14' title="bbox 529 2226 2626 2321; baseline 0.001 -29"><span class='ocrx_word' id='word_1_107' title='bbox 529 2226 799 2297; x_wconf 87' lang='lat' dir='ltr'><strong>esurire.</strong></span> <span class='ocrx_word' id='word_1_108' title='bbox 843 2227 1053 2296; x_wconf 91' lang='lat' dir='ltr'><strong>Cibus</strong></span> <span class='ocrx_word' id='word_1_109' title='bbox 1090 2243 1314 2298; x_wconf 90' lang='lat' dir='ltr'><strong>autem</strong></span> <span class='ocrx_word' id='word_1_110' title='bbox 1357 2253 1586 2296; x_wconf 88' lang='lat' dir='ltr'><strong>earum</strong></span> <span class='ocrx_word' id='word_1_111' title='bbox 1624 2230 1857 2296; x_wconf 88' lang='lat' dir='ltr'><strong>imber.</strong></span> <span class='ocrx_word' id='word_1_112' title='bbox 1885 2229 2116 2316; x_wconf 81' lang='lat' dir='ltr'><strong>Quare</strong></span> <span class='ocrx_word' id='word_1_113' title='bbox 2154 2226 2444 2321; x_wconf 87' lang='lat' dir='ltr'><strong>tepidam</strong></span> <span class='ocrx_word' id='word_1_114' title='bbox 2483 2252 2626 2296; x_wconf 89' lang='lat' dir='ltr'><strong>esse</strong></span> 
     </span>
     <span class='ocr_line' id='line_1_15' title="bbox 529 2372 2624 2472; baseline 0.001 -34"><span class='ocrx_word' id='word_1_115' title='bbox 529 2372 852 2461; x_wconf 89' lang='lat' dir='ltr'><strong>hiemem,</strong></span> <span class='ocrx_word' id='word_1_116' title='bbox 891 2386 968 2441; x_wconf 91' lang='lat' dir='ltr'><strong>ut</strong></span> <span class='ocrx_word' id='word_1_117' title='bbox 1006 2374 1362 2469; x_wconf 91' lang='lat' dir='ltr'><strong>absumpto</strong></span> <span class='ocrx_word' id='word_1_118' title='bbox 1397 2388 1597 2468; x_wconf 88' lang='lat' dir='ltr'><strong>partu</strong></span> <span class='ocrx_word' id='word_1_119' title='bbox 1638 2374 1952 2443; x_wconf 84' lang='lat' dir='ltr'><strong>arborum</strong></span> <span class='ocrx_word' id='word_1_120' title='bbox 1978 2428 1997 2459; x_wconf 87' lang='lat'>‚</span> <span class='ocrx_word' id='word_1_121' title='bbox 2049 2388 2367 2467; x_wconf 87' lang='lat' dir='ltr'><strong>sequatur</strong></span> <span class='ocrx_word' id='word_1_122' title='bbox 2405 2374 2624 2472; x_wconf 85' lang='lat' dir='ltr'><strong>proti-</strong></span> 
     </span>
     <span class='ocr_line' id='line_1_16' title="bbox 531 2516 2624 2613; baseline 0.001 -30"><span class='ocrx_word' id='word_1_123' title='bbox 531 2542 656 2584; x_wconf 89' lang='lat' dir='ltr'><strong>nus</strong></span> <span class='ocrx_word' id='word_1_124' title='bbox 699 2533 1098 2610; x_wconf 79' lang='lat' dir='ltr'><strong>conceptuS,</strong></span> <span class='ocrx_word' id='word_1_125' title='bbox 1140 2519 1209 2586; x_wconf 91' lang='lat' dir='ltr'><strong>id</strong></span> <span class='ocrx_word' id='word_1_126' title='bbox 1254 2533 1389 2606; x_wconf 89' lang='lat' dir='ltr'><strong>est,</strong></span> <span class='ocrx_word' id='word_1_127' title='bbox 1434 2520 1829 2613; x_wconf 85' lang='lat' dir='ltr'><strong>germinatio</strong></span> <span class='ocrx_word' id='word_1_128' title='bbox 1858 2570 1878 2606; x_wconf 90' lang='lat'><strong>,</strong></span> <span class='ocrx_word' id='word_1_129' title='bbox 1922 2544 2001 2586; x_wconf 88' lang='lat' dir='ltr'><strong>ac</strong></span> <span class='ocrx_word' id='word_1_130' title='bbox 2041 2516 2283 2586; x_wconf 89' lang='lat' dir='ltr'><strong>deinde</strong></span> <span class='ocrx_word' id='word_1_131' title='bbox 2323 2516 2450 2585; x_wconf 86' lang='lat' dir='ltr'><strong>alia</strong></span> <span class='ocrx_word' id='word_1_132' title='bbox 2500 2519 2624 2585; x_wconf 86' lang='lat' dir='ltr'><strong>flo-</strong></span> 
     </span>
     <span class='ocr_line' id='line_1_17' title="bbox 531 2661 2622 2764; baseline 0 -36"><span class='ocrx_word' id='word_1_133' title='bbox 531 2661 832 2732; x_wconf 89' lang='lat' dir='ltr'><strong>rescendi</strong></span> <span class='ocrx_word' id='word_1_134' title='bbox 856 2663 1254 2749; x_wconf 84' lang='lat' dir='ltr'><strong>exinaniti0‚</strong></span> <span class='ocrx_word' id='word_1_135' title='bbox 1281 2662 1786 2731; x_wconf 86' lang='lat' dir='ltr'><strong>inutilissimum</strong></span> <span class='ocrx_word' id='word_1_136' title='bbox 1814 2664 2281 2764; x_wconf 83' lang='lat' dir='ltr'><strong>experimentis</strong></span> <span class='ocrx_word' id='word_1_137' title='bbox 2302 2662 2622 2731; x_wconf 88' lang='lat' dir='ltr'><strong>ereditur.</strong></span> 
     </span>
     <span class='ocr_line' id='line_1_18' title="bbox 532 2771 2627 2901; baseline 0.001 -28"><span class='ocrx_word' id='word_1_138' title='bbox 532 2771 958 2891; x_wconf 77' lang='lat' dir='ltr'><strong>Quinimmo</strong></span> <span class='ocrx_word' id='word_1_139' title='bbox 992 2808 1045 2878; x_wconf 87' lang='lat' dir='ltr'><strong>si</strong></span> <span class='ocrx_word' id='word_1_140' title='bbox 1079 2804 1299 2900; x_wconf 91' lang='lat' dir='ltr'><strong>plures</strong></span> <span class='ocrx_word' id='word_1_141' title='bbox 1332 2807 1426 2875; x_wconf 90' lang='lat' dir='ltr'><strong>ita</strong></span> <span class='ocrx_word' id='word_1_142' title='bbox 1463 2810 1941 2880; x_wconf 86' lang='lat' dir='ltr'><strong>continuentur</strong></span> <span class='ocrx_word' id='word_1_143' title='bbox 1982 2809 2167 2895; x_wconf 87' lang='lat' dir='ltr'><strong>anni,</strong></span> <span class='ocrx_word' id='word_1_144' title='bbox 2216 2808 2418 2875; x_wconf 87' lang='lat' dir='ltr'><strong>etiam</strong></span> <span class='ocrx_word' id='word_1_145' title='bbox 2469 2808 2627 2901; x_wconf 81' lang='lat' dir='ltr'><strong>ipsae</strong></span> 
     </span>
     <span class='ocr_line' id='line_1_19' title="bbox 533 2949 2625 3056; baseline 0.002 -43"><span class='ocrx_word' id='word_1_146' title='bbox 533 2950 908 3017; x_wconf 87' lang='lat' dir='ltr'><strong>moriantur</strong></span> <span class='ocrx_word' id='word_1_147' title='bbox 956 2950 1227 3019; x_wconf 87' lang='lat' dir='ltr'><strong>arbores</strong></span> <span class='ocrx_word' id='word_1_148' title='bbox 1255 3001 1273 3036; x_wconf 92' lang='lat'><strong>,</strong></span> <span class='ocrx_word' id='word_1_149' title='bbox 1312 2951 1583 3049; x_wconf 88' lang='lat' dir='ltr'><strong>quando</strong></span> <span class='ocrx_word' id='word_1_150' title='bbox 1624 2953 1875 3056; x_wconf 82' lang='lat' dir='ltr'><strong>nemini</strong></span> <span class='ocrx_word' id='word_1_151' title='bbox 1913 2949 2118 3018; x_wconf 87' lang='lat' dir='ltr'><strong>dubia</strong></span> <span class='ocrx_word' id='word_1_152' title='bbox 2159 2975 2356 3043; x_wconf 83' lang='lat' dir='ltr'><strong>poena</strong></span> <span class='ocrx_word' id='word_1_153' title='bbox 2402 2965 2505 3019; x_wconf 88' lang='lat' dir='ltr'><strong>est</strong></span> <span class='ocrx_word' id='word_1_154' title='bbox 2558 2952 2625 3017; x_wconf 89' lang='lat' dir='ltr'><strong>in</strong></span> 
     </span>
     <span class='ocr_line' id='line_1_20' title="bbox 533 3067 2625 3188; baseline 0.001 -27"><span class='ocrx_word' id='word_1_155' title='bbox 533 3093 707 3161; x_wconf 88' lang='lat' dir='ltr'><strong>fame</strong></span> <span class='ocrx_word' id='word_1_156' title='bbox 743 3090 1215 3162; x_wconf 82' lang='lat' dir='ltr'><strong>laborantium.</strong></span> <span class='ocrx_word' id='word_1_157' title='bbox 1245 3098 1424 3188; x_wconf 88' lang='lat' dir='ltr'><strong>Ergo</strong></span> <span class='ocrx_word' id='word_1_158' title='bbox 1460 3098 1575 3187; x_wconf 91' lang='lat' dir='ltr'><strong>qui</strong></span> <span class='ocrx_word' id='word_1_159' title='bbox 1605 3096 1773 3163; x_wconf 90' lang='lat' dir='ltr'><strong>dixit</strong></span> <span class='ocrx_word' id='word_1_160' title='bbox 1802 3096 2049 3163; x_wconf 88' lang='lat' dir='ltr'><strong>hiemes</strong></span> <span class='ocrx_word' id='word_1_161' title='bbox 2087 3067 2351 3163; x_wconf 87' lang='lat' dir='ltr'><strong>serenas</strong></span> <span class='ocrx_word' id='word_1_162' title='bbox 2383 3110 2625 3188; x_wconf 88' lang='lat' dir='ltr'><strong>optan-</strong></span> 
     </span>
     <span class='ocr_line' id='line_1_21' title="bbox 534 3237 2627 3333; baseline 0 -28"><span class='ocrx_word' id='word_1_163' title='bbox 534 3237 650 3306; x_wconf 92' lang='lat' dir='ltr'><strong>das</strong></span> <span class='ocrx_word' id='word_1_164' title='bbox 674 3290 692 3325; x_wconf 91' lang='lat'><strong>,</strong></span> <span class='ocrx_word' id='word_1_165' title='bbox 732 3264 867 3309; x_wconf 86' lang='lat' dir='ltr'><strong>non</strong></span> <span class='ocrx_word' id='word_1_166' title='bbox 905 3264 1028 3333; x_wconf 92' lang='lat' dir='ltr'><strong>pro</strong></span> <span class='ocrx_word' id='word_1_167' title='bbox 1061 3239 1411 3308; x_wconf 91' lang='lat' dir='ltr'><strong>arboribus</strong></span> <span class='ocrx_word' id='word_1_168' title='bbox 1454 3255 1609 3308; x_wconf 87' lang='lat' dir='ltr'><strong>vota</strong></span> <span class='ocrx_word' id='word_1_169' title='bbox 1646 3240 1821 3311; x_wconf 88' lang='lat' dir='ltr'><strong>fecit.</strong></span> <span class='ocrx_word' id='word_1_170' title='bbox 1863 3242 2004 3309; x_wconf 88' lang='lat' dir='ltr'><strong>Nec</strong></span> <span class='ocrx_word' id='word_1_171' title='bbox 2041 3265 2158 3333; x_wconf 88' lang='lat' dir='ltr'><strong>per</strong></span> <span class='ocrx_word' id='word_1_172' title='bbox 2191 3237 2473 3307; x_wconf 90' lang='lat' dir='ltr'><strong>solstitia</strong></span> <span class='ocrx_word' id='word_1_173' title='bbox 2504 3241 2627 3306; x_wconf 92' lang='lat' dir='ltr'><strong>im-</strong></span> 
     </span>
     <span class='ocr_line' id='line_1_22' title="bbox 531 3381 2625 3479; baseline 0.003 -32"><span class='ocrx_word' id='word_1_174' title='bbox 531 3381 683 3448; x_wconf 86' lang='lat' dir='ltr'><strong>bres</strong></span> <span class='ocrx_word' id='word_1_175' title='bbox 721 3381 966 3454; x_wconf 76' lang='lat' dir='ltr'><strong>vitibus</strong></span> <span class='ocrx_word' id='word_1_176' title='bbox 1007 3382 1414 3454; x_wconf 87' lang='lat' dir='ltr'><strong>conducunt.</strong></span> <span class='ocrx_word' id='word_1_177' title='bbox 1446 3385 1747 3453; x_wconf 85' lang='lat' dir='ltr'><strong>Hiberno</strong></span> <span class='ocrx_word' id='word_1_178' title='bbox 1784 3384 2058 3477; x_wconf 87' lang='lat' dir='ltr'><strong>quidem</strong></span> <span class='ocrx_word' id='word_1_179' title='bbox 2096 3383 2372 3479; x_wconf 85' lang='lat' dir='ltr'><strong>pulvere</strong></span> <span class='ocrx_word' id='word_1_180' title='bbox 2409 3381 2625 3454; x_wconf 83' lang='lat' dir='ltr'><strong>laetio·</strong></span> 
     </span>
     <span class='ocr_line' id='line_1_23' title="bbox 534 3524 2625 3621; baseline 0.002 -30"><span class='ocrx_word' id='word_1_181' title='bbox 534 3550 638 3592; x_wconf 84' lang='lat' dir='ltr'><strong>res</strong></span> <span class='ocrx_word' id='word_1_182' title='bbox 666 3524 809 3593; x_wconf 89' lang='lat' dir='ltr'><strong>fieri</strong></span> <span class='ocrx_word' id='word_1_183' title='bbox 839 3543 1109 3613; x_wconf 79' lang='lat' dir='ltr'><strong>messeS‚</strong></span> <span class='ocrx_word' id='word_1_184' title='bbox 1142 3525 1540 3595; x_wconf 87' lang='lat' dir='ltr'><strong>luxuriantis</strong></span> <span class='ocrx_word' id='word_1_185' title='bbox 1562 3529 1818 3621; x_wconf 85' lang='lat' dir='ltr'><strong>ingenii</strong></span> <span class='ocrx_word' id='word_1_186' title='bbox 1857 3527 2196 3596; x_wconf 85' lang='lat' dir='ltr'><strong>fertilitate</strong></span> <span class='ocrx_word' id='word_1_187' title='bbox 2221 3526 2482 3596; x_wconf 86' lang='lat' dir='ltr'><strong>dictum</strong></span> <span class='ocrx_word' id='word_1_188' title='bbox 2506 3543 2625 3596; x_wconf 87' lang='lat' dir='ltr'><strong>est.</strong></span> 
     </span>
     <span class='ocr_line' id='line_1_24' title="bbox 533 3672 2627 3770; baseline 0.001 -27"><span class='ocrx_word' id='word_1_189' title='bbox 533 3672 804 3767; x_wconf 88' lang='lat' dir='ltr'><strong>Alioqui</strong></span> <span class='ocrx_word' id='word_1_190' title='bbox 832 3690 989 3743; x_wconf 89' lang='lat' dir='ltr'><strong>vota</strong></span> <span class='ocrx_word' id='word_1_191' title='bbox 1021 3676 1335 3743; x_wconf 89' lang='lat' dir='ltr'><strong>arborum</strong></span> <span class='ocrx_word' id='word_1_192' title='bbox 1366 3675 1773 3770; x_wconf 88' lang='lat' dir='ltr'><strong>frugumque</strong></span> <span class='ocrx_word' id='word_1_193' title='bbox 1803 3677 2185 3744; x_wconf 87' lang='lat' dir='ltr'><strong>communia</strong></span> <span class='ocrx_word' id='word_1_194' title='bbox 2219 3690 2411 3761; x_wconf 80' lang='lat' dir='ltr'><strong>sunt,</strong></span> <span class='ocrx_word' id='word_1_195' title='bbox 2440 3677 2627 3746; x_wconf 81' lang='lat' dir='ltr'><strong>nives</strong></span> 
     </span>
    </p>
   </div>
   <div class='ocr_carea' id='block_1_3' title="bbox 535 3822 2626 3919">
    <p class='ocr_par' dir='ltr' id='par_1_3' title="bbox 535 3822 2626 3919">
     <span class='ocr_line' id='line_1_25' title="bbox 535 3822 2626 3919; baseline 0.002 -30"><span class='ocrx_word' id='word_1_196' title='bbox 535 3822 829 3918; x_wconf 84' lang='lat' dir='ltr'><strong>diutinas</strong></span> <span class='ocrx_word' id='word_1_197' title='bbox 868 3823 1111 3893; x_wconf 87' lang='lat' dir='ltr'><strong>sedere.</strong></span> <span class='ocrx_word' id='word_1_198' title='bbox 1156 3826 1417 3911; x_wconf 87' lang='lat' dir='ltr'><strong>Causa,</strong></span> <span class='ocrx_word' id='word_1_199' title='bbox 1463 3851 1600 3894; x_wconf 90' lang='lat' dir='ltr'><strong>non</strong></span> <span class='ocrx_word' id='word_1_200' title='bbox 1644 3823 1859 3893; x_wconf 91' lang='lat' dir='ltr'><strong>solum</strong></span> <span class='ocrx_word' id='word_1_201' title='bbox 1901 3827 2054 3919; x_wconf 88' lang='lat' dir='ltr'><strong>quia</strong></span> <span class='ocrx_word' id='word_1_202' title='bbox 2099 3826 2390 3894; x_wconf 89' lang='lat' dir='ltr'><strong>animam</strong></span> <span class='ocrx_word' id='word_1_203' title='bbox 2434 3841 2626 3894; x_wconf 85' lang='lat' dir='ltr'><strong>terrae</strong></span> 
     </span>
    </p>
   </div>
   <div class='ocr_carea' id='block_1_4' title="bbox 535 3971 2628 4068">
    <p class='ocr_par' dir='ltr' id='par_1_4' title="bbox 535 3971 2628 4068">
     <span class='ocr_line' id='line_1_26' title="bbox 535 3971 2628 4068; baseline 0.001 -27"><span class='ocrx_word' id='word_1_204' title='bbox 535 3985 1030 4047; x_wconf 87' lang='lat' dir='ltr'><strong>evanescentem</strong></span> <span class='ocrx_word' id='word_1_205' title='bbox 1069 3972 1493 4048; x_wconf 82' lang='lat' dir='ltr'><strong>exhalatione</strong></span> <span class='ocrx_word' id='word_1_206' title='bbox 1530 3971 1887 4044; x_wconf 89' lang='lat' dir='ltr'><strong>includunt</strong></span> <span class='ocrx_word' id='word_1_207' title='bbox 1912 3989 1977 4048; x_wconf 85' lang='lat' dir='ltr'><strong>et</strong></span> <span class='ocrx_word' id='word_1_208' title='bbox 2004 3975 2492 4068; x_wconf 82' lang='lat' dir='ltr'><strong>comprimunt,</strong></span> <span class='ocrx_word' id='word_1_209' title='bbox 2520 4000 2628 4044; x_wconf 80' lang='lat' dir='ltr'><strong>re-</strong></span> 
     </span>
    </p>
   </div>
   <div class='ocr_carea' id='block_1_5' title="bbox 2881 33 2893 1062">
    <p class='ocr_par' dir='ltr' id='par_1_5' title="bbox 2881 33 2893 1062">
     <span class='ocr_line' id='line_1_27' title="bbox 2881 33 2893 1062; baseline 0 0"><span class='ocrx_word' id='word_1_210' title='bbox 2881 33 2893 1062; x_wconf 95' lang='lat' dir='ltr'><strong> </strong></span> 
     </span>
    </p>
   </div>
   <div class='ocr_carea' id='block_1_6' title="bbox 2883 1752 2890 2546">
    <p class='ocr_par' dir='ltr' id='par_1_6' title="bbox 2883 1752 2890 2546">
     <span class='ocr_line' id='line_1_28' title="bbox 2883 1752 2890 2546; baseline 0 0"><span class='ocrx_word' id='word_1_211' title='bbox 2883 1752 2890 2546; x_wconf 95' lang='lat' dir='ltr'><strong> </strong></span> 
     </span>
    </p>
   </div>
  </div>
 </body>
</html>
