2941 4807
502 383 575 440 82
944 388 1006 443 C.
1048 389 1276 445 PLINII
1317 388 1510 447 HIST.
1555 392 1725 448 NAT.
1770 392 1905 449 LIB.
1933 395 2092 450 XVI.

502 513 919 602 praeveniunt
945 515 1431 606 germinatione
1461 518 1841 610 quindecim
1877 520 2012 590 fere
2045 520 2297 590 diebus.
2337 525 2577 590 Semen

502 679 661 723 vero
681 671 845 748 post
879 656 1207 753 Vergiiias
1241 674 1307 728 et
1345 661 1503 752 ipsae
1545 661 1850 732 reddunt.

1018 1235 1313 1292 Anniferae.
1353 1237 1422 1292 In
1456 1237 1763 1293 triennium
1798 1237 2056 1294 ferentes.

592 1457 834 1527 XLIV.
873 1457 1115 1526 Citreae
1135 1508 1155 1544 ,
1191 1472 1255 1527 et
1280 1459 1673 1553 juniperu8‚
1706 1475 1773 1529 et
1800 1460 1961 1547 ilex,
1993 1461 2306 1530 anniferae
2331 1462 2582 1531 haben-

498 1614 649 1667 tur:
686 1622 1034 1693 novusque
1073 1600 1329 1670 fructus
1371 1604 1440 1670 in
1485 1604 1590 1672 his
1632 1628 1786 1673 cum
1822 1604 2142 1672 annotino
2177 1604 2438 1699 pendet.
2495 1609 2578 1674 In

475 1722 789 1810 'maxima
825 1756 1050 1810 tamen
1102 1739 1544 1811 admiratione
1592 1745 1792 1836 pinus
1844 1758 1979 1812 est:
2037 1744 2238 1814 habet
2284 1745 2577 1815 fructum

496 1900 1053 1956 maturescentem
1090 1913 1105 1954 :
1155 1887 1359 1955 habet
1411 1889 1715 1981 proximo
1773 1913 1951 1957 anno
2000 1889 2084 1956 ad
2126 1891 2580 1958 maturitatem

499 2046 901 2119 venturum,
943 2056 1019 2100 ac
1054 2031 1296 2101 deinde
1337 2032 1557 2100 tertio.
1606 2033 1746 2100 Nec
1782 2031 1933 2131 ulla·
1969 2032 2285 2133 arborum
2324 2033 2582 2102 avidius

498 2200 566 2245 se
612 2175 967 2269 promittit.
1019 2177 1180 2264 Quo
1236 2199 1460 2244 mense
1499 2199 1581 2244 ex
1620 2197 1697 2244 ea
1733 2199 1872 2242 nux
1910 2174 2311 2269 decerpitur,
2344 2177 2581 2247 eodem

500 2320 883 2391 maturescit
915 2316 1042 2389 alia
1082 2345 1097 2388 ε
1137 2334 1203 2388 et
1239 2321 1333 2388 sic
1377 2319 1819 2412 dispensatur,
1853 2333 1928 2386 ut
1966 2317 2154 2387 nullo
2186 2345 2322 2388 non
2353 2346 2582 2390 mense

499 2482 971 2538 maturescant.
994 2468 1164 2554 Quae
1195 2491 1263 2533 se
1294 2468 1362 2533 in
1398 2466 1635 2533 arbore
1672 2466 1811 2559 ipsa
1844 2466 2155 2551 divisere,
2186 2469 2433 2536 ‘azaniae
2462 2495 2582 2538 vo-

500 2628 785 2681 cantur:
827 2610 1209 2702 laeduntque
1249 2623 1534 2696 ceteraS,
1575 2608 1701 2676 nisi
1741 2607 2198 2680 detrahantur.

693 3050 829 3117 Quae
864 3046 1107 3102 fructum
1144 3061 1265 3100 non
1288 3045 1508 3100 ferant:
1545 3063 1668 3117 quae
1701 3044 1950 3100 infelices
1980 3046 2381 3104 existimentur.

598 3276 805 3341 XLV.
850 3276 1170 3340 Fructum
1209 3255 1527 3336 arborum
1564 3266 1718 3336 solae
1751 3267 2031 3337 nullum‘
2043 3269 2296 3355 ferunt,
2326 3273 2455 3340 hoc
2481 3288 2579 3341 est

503 3440 589 3482 ne
621 3439 844 3483 semen
880 3413 1144 3508 quidem
1170 3465 1189 3499 ,
1227 3413 1509 3480 tamarix
1545 3412 1760 3505 scopis
1805 3426 2065 3481 tantum
2101 3437 2375 3484 nascens
2396 3468 2416 3502 ,
2458 3440 2578 3509 po-

503 3560 745 3659 puluS‚
793 3558 1026 3648 alnus,
1066 3556 1283 3626 ulmus
1315 3548 1588 3641 Atinia,
1636 3554 2007 3643 alaternuS,
2050 3559 2159 3626 cui
2203 3557 2359 3628 folia
2405 3560 2580 3630 inter

504 3704 722 3775 ilicem
751 3717 817 3773 et
853 3701 1115 3772 olivam.
1152 3698 1461 3770 Infelices
1499 3712 1722 3768 autem
1764 3699 2266 3785 existimantur,
2309 3700 2580 3771 damna-

507 3863 719 3944 taeque
767 3846 1087 3942 religione
1110 3898 1129 3932 ,
1171 3869 1320 3939 quae
1357 3867 1573 3937 neque
1616 3856 1930 3911 seruntur
1966 3868 2282 3936 umquam
2304 3896 2324 3931 ,
2366 3869 2579 3938 neque

507 3994 796 4063 fructum
837 3991 1082 4061 ferunt.
1115 3988 1500 4059 Cremutius
1541 4001 1775 4055 auctor
1802 4000 1932 4076 est,
1966 4011 2336 4080 numquam
2366 3990 2581 4058 virere
