<?xml version="1.0" encoding="UTF-8"?>
<!DOCTYPE html PUBLIC "-//W3C//DTD XHTML 1.0 Transitional//EN"
    "http://www.w3.org/TR/xhtml1/DTD/xhtml1-transitional.dtd">
<html xmlns="http://www.w3.org/1999/xhtml" xml:lang="en" lang="en">
 <head>
  <title>
</title>
<meta http-equiv="Content-Type" content="text/html;charset=utf-8" />
  <meta name='ocr-system' content='tesseract 3.04.00' />
  <meta name='ocr-capabilities' content='ocr_page ocr_carea ocr_par ocr_line ocrx_word'/>
</head>
<body>
  <div class='ocr_page' id='page_1' title='image "./histoirenaturel00grangoog_0376.png"; bbox 0 0 2941 4807; ppageno 0'>
   <div class='ocr_carea' id='block_1_1' title="bbox 534 365 2164 470">
    <p class='ocr_par' dir='ltr' id='par_1_1' title="bbox 534 365 2164 470">
     <span class='ocr_line' id='line_1_1' title="bbox 534 365 2164 470; baseline 0.004 -7"><span class='ocrx_word' id='word_1_1' title='bbox 534 404 649 463; x_wconf 74' lang='lat'>366</span> <span class='ocrx_word' id='word_1_2' title='bbox 781 409 786 416; x_wconf 90' lang='lat'><strong>·</strong></span> <span class='ocrx_word' id='word_1_3' title='bbox 970 410 1031 464; x_wconf 82' lang='lat' dir='ltr'>e.</span> <span class='ocrx_word' id='word_1_4' title='bbox 1076 391 1311 469; x_wconf 68' lang='lat' dir='ltr'>&#39;rm&#39;m</span> <span class='ocrx_word' id='word_1_5' title='bbox 1352 411 1546 470; x_wconf 73' lang='lat' dir='ltr'>msr.</span> <span class='ocrx_word' id='word_1_6' title='bbox 1589 413 1766 468; x_wconf 71' lang='lat' dir='ltr'>NAT.</span> <span class='ocrx_word' id='word_1_7' title='bbox 1809 413 1950 469; x_wconf 75' lang='lat' dir='ltr'>Lm</span> <span class='ocrx_word' id='word_1_8' title='bbox 1978 365 2164 469; x_wconf 66' lang='lat' dir='ltr'>xv1i„</span> 
     </span>
    </p>
   </div>
   <div class='ocr_carea' id='block_1_2' title="bbox 531 779 2639 1164">
    <p class='ocr_par' dir='ltr' id='par_1_2' title="bbox 531 779 2639 1164">
     <span class='ocr_line' id='line_1_2' title="bbox 635 779 2639 877; baseline 0.002 -30"><span class='ocrx_word' id='word_1_9' title='bbox 635 806 697 877; x_wconf 91' lang='lat'>7.</span> <span class='ocrx_word' id='word_1_10' title='bbox 726 780 881 849; x_wconf 88' lang='lat' dir='ltr'>Non</span> <span class='ocrx_word' id='word_1_11' title='bbox 914 780 1201 848; x_wconf 84' lang='lat' dir='ltr'>omisere</span> <span class='ocrx_word' id='word_1_12' title='bbox 1236 793 1305 847; x_wconf 86' lang='lat' dir='ltr'>et</span> <span class='ocrx_word' id='word_1_13' title='bbox 1340 779 1467 847; x_wconf 88' lang='lat' dir='ltr'>hoc</span> <span class='ocrx_word' id='word_1_14' title='bbox 1510 782 1770 849; x_wconf 84' lang='lat' dir='ltr'>Graeci:</span> <span class='ocrx_word' id='word_1_15' title='bbox 1804 779 1970 875; x_wconf 90' lang='lat' dir='ltr'>quid</span> <span class='ocrx_word' id='word_1_16' title='bbox 2008 785 2188 851; x_wconf 85' lang='lat' dir='ltr'>enim</span> <span class='ocrx_word' id='word_1_17' title='bbox 2226 784 2639 852; x_wconf 83' lang='lat' dir='ltr'>intentatum</span> 
     </span>
     <span class='ocr_line' id='line_1_3' title="bbox 531 920 2637 1023; baseline 0.002 -32"><span class='ocrx_word' id='word_1_18' title='bbox 531 921 710 993; x_wconf 69' lang='lat' dir='ltr'>illis?</span> <span class='ocrx_word' id='word_1_19' title='bbox 766 920 1234 1017; x_wconf 81' lang='lat' dir='ltr'>Leucargillon</span> <span class='ocrx_word' id='word_1_20' title='bbox 1274 937 1526 992; x_wconf 79' lang='lat' dir='ltr'>vocant</span> <span class='ocrx_word' id='word_1_21' title='bbox 1564 921 1930 1023; x_wconf 63' lang='lat' dir='ltr'>&gt;candidam</span> <span class='ocrx_word' id='word_1_22' title='bbox 1979 923 2325 1019; x_wconf 85' lang='lat' dir='ltr'>argillam,</span> <span class='ocrx_word' id='word_1_23' title='bbox 2367 953 2506 1020; x_wconf 89' lang='lat' dir='ltr'>qua</span> <span class='ocrx_word' id='word_1_24' title='bbox 2561 928 2637 995; x_wconf 90' lang='lat' dir='ltr'>in</span> 
     </span>
     <span class='ocr_line' id='line_1_4' title="bbox 534 1066 2634 1164; baseline 0 -27"><span class='ocrx_word' id='word_1_25' title='bbox 534 1070 873 1164; x_wconf 85' lang='lat' dir='ltr'>Megarico</span> <span class='ocrx_word' id='word_1_26' title='bbox 915 1093 1078 1163; x_wconf 86' lang='lat' dir='ltr'>agro</span> <span class='ocrx_word' id='word_1_27' title='bbox 1110 1081 1419 1156; x_wconf 86' lang='lat' dir='ltr'>utuntur,</span> <span class='ocrx_word' id='word_1_28' title='bbox 1452 1066 1573 1136; x_wconf 83' lang='lat' dir='ltr'>sed</span> <span class='ocrx_word' id='word_1_29' title='bbox 1611 1082 1874 1137; x_wconf 86' lang='lat' dir='ltr'>tantum</span> <span class='ocrx_word' id='word_1_30' title='bbox 1911 1070 1983 1136; x_wconf 88' lang='lat' dir='ltr'>in</span> <span class='ocrx_word' id='word_1_31' title='bbox 2024 1068 2302 1138; x_wconf 89' lang='lat' dir='ltr'>humida</span> <span class='ocrx_word' id='word_1_32' title='bbox 2347 1068 2634 1164; x_wconf 85' lang='lat' dir='ltr'>frigida-</span> 
     </span>
    </p>
   </div>
   <div class='ocr_carea' id='block_1_3' title="bbox 529 1226 901 1305">
    <p class='ocr_par' dir='ltr' id='par_1_3' title="bbox 529 1226 901 1305">
     <span class='ocr_line' id='line_1_5' title="bbox 529 1226 901 1305; baseline 0 -25"><span class='ocrx_word' id='word_1_33' title='bbox 529 1236 665 1305; x_wconf 82' lang='lat' dir='ltr'>que</span> <span class='ocrx_word' id='word_1_34' title='bbox 706 1226 901 1280; x_wconf 87' lang='lat' dir='ltr'>terra.</span> 
     </span>
    </p>
   </div>
   <div class='ocr_carea' id='block_1_4' title="bbox 535 1382 2641 3492">
    <p class='ocr_par' dir='ltr' id='par_1_4' title="bbox 535 1382 2641 3492">
     <span class='ocr_line' id='line_1_6' title="bbox 627 1382 2637 1477; baseline -0.001 -23"><span class='ocrx_word' id='word_1_35' title='bbox 627 1383 824 1455; x_wconf 87' lang='lat' dir='ltr'>Illam</span> <span class='ocrx_word' id='word_1_36' title='bbox 855 1382 1112 1455; x_wconf 81' lang='lat' dir='ltr'>Gallias</span> <span class='ocrx_word' id='word_1_37' title='bbox 1153 1384 1666 1477; x_wconf 80' lang='lat' dir='ltr'>Britanniasque</span> <span class='ocrx_word' id='word_1_38' title='bbox 1700 1382 2227 1477; x_wconf 80' lang='lat' dir='ltr'>locupletantem</span> <span class='ocrx_word' id='word_1_39' title='bbox 2265 1409 2426 1452; x_wconf 87' lang='lat' dir='ltr'>cum</span> <span class='ocrx_word' id='word_1_40' title='bbox 2466 1408 2637 1453; x_wconf 86' lang='lat' dir='ltr'>cura</span> 
     </span>
     <span class='ocr_line' id='line_1_7' title="bbox 535 1491 2631 1631; baseline 0 -35"><span class='ocrx_word' id='word_1_41' title='bbox 535 1529 668 1599; x_wconf 87' lang='lat' dir='ltr'>dici</span> <span class='ocrx_word' id='word_1_42' title='bbox 707 1531 1042 1599; x_wconf 79' lang='lat' dir='ltr'>convenit.</span> <span class='ocrx_word' id='word_1_43' title='bbox 1064 1519 1223 1599; x_wconf 78' lang='lat' dir='ltr'>Duo</span> <span class='ocrx_word' id='word_1_44' title='bbox 1257 1554 1504 1625; x_wconf 82' lang='lat' dir='ltr'>genera</span> <span class='ocrx_word' id='word_1_45' title='bbox 1534 1528 1819 1631; x_wconf 80' lang='lat' dir='ltr'>fuerant.</span> <span class='ocrx_word' id='word_1_46' title='bbox 1851 1526 2056 1597; x_wconf 89' lang='lat' dir='ltr'>Plura</span> <span class='ocrx_word' id='word_1_47' title='bbox 2079 1553 2295 1621; x_wconf 81' lang='lat' dir='ltr'>nuper</span> <span class='ocrx_word' id='word_1_48' title='bbox 2326 1491 2631 1598; x_wconf 54' lang='lat' dir='ltr'>axerceri</span> 
     </span>
     <span class='ocr_line' id='line_1_8' title="bbox 544 1671 2638 1769; baseline -0 -27"><span class='ocrx_word' id='word_1_49' title='bbox 544 1690 756 1768; x_wconf 83' lang='lat' dir='ltr'>coepta</span> <span class='ocrx_word' id='word_1_50' title='bbox 790 1674 1294 1769; x_wconf 87' lang='lat' dir='ltr'>proficientibus</span> <span class='ocrx_word' id='word_1_51' title='bbox 1340 1673 1645 1768; x_wconf 83' lang='lat' dir='ltr'>ingeniis.</span> <span class='ocrx_word' id='word_1_52' title='bbox 1679 1676 1802 1741; x_wconf 86' lang='lat' dir='ltr'>Est</span> <span class='ocrx_word' id='word_1_53' title='bbox 1834 1675 2013 1741; x_wconf 83' lang='lat' dir='ltr'>enim</span> <span class='ocrx_word' id='word_1_54' title='bbox 2052 1671 2203 1741; x_wconf 86' lang='lat' dir='ltr'>alba</span> <span class='ocrx_word' id='word_1_55' title='bbox 2228 1724 2247 1759; x_wconf 84' lang='lat'><strong>,</strong></span> <span class='ocrx_word' id='word_1_56' title='bbox 2288 1672 2437 1740; x_wconf 87' lang='lat' dir='ltr'>rufa</span> <span class='ocrx_word' id='word_1_57' title='bbox 2460 1724 2481 1757; x_wconf 86' lang='lat'>‚</span> <span class='ocrx_word' id='word_1_58' title='bbox 2521 1698 2638 1741; x_wconf 87' lang='lat' dir='ltr'>co-</span> 
     </span>
     <span class='ocr_line' id='line_1_9' title="bbox 537 1814 2639 1915; baseline -0.001 -28"><span class='ocrx_word' id='word_1_59' title='bbox 537 1818 838 1888; x_wconf 87' lang='lat' dir='ltr'>lumbina</span> <span class='ocrx_word' id='word_1_60' title='bbox 858 1872 878 1907; x_wconf 88' lang='lat'>‚</span> <span class='ocrx_word' id='word_1_61' title='bbox 915 1816 1301 1915; x_wconf 84' lang='lat' dir='ltr'>argillacea‚</span> <span class='ocrx_word' id='word_1_62' title='bbox 1334 1816 1592 1887; x_wconf 82' lang='lat' dir='ltr'>tofacea</span> <span class='ocrx_word' id='word_1_63' title='bbox 1614 1870 1633 1907; x_wconf 90' lang='lat'>,</span> <span class='ocrx_word' id='word_1_64' title='bbox 1667 1842 2005 1886; x_wconf 83' lang='lat' dir='ltr'>arenacea.</span> <span class='ocrx_word' id='word_1_65' title='bbox 2046 1818 2311 1888; x_wconf 89' lang='lat' dir='ltr'>Natura</span> <span class='ocrx_word' id='word_1_66' title='bbox 2344 1814 2639 1910; x_wconf 83' lang='lat' dir='ltr'>duplex:</span> 
     </span>
     <span class='ocr_line' id='line_1_10' title="bbox 537 1965 2636 2059; baseline -0 -25"><span class='ocrx_word' id='word_1_67' title='bbox 537 1990 771 2059; x_wconf 87' lang='lat' dir='ltr'>aspera</span> <span class='ocrx_word' id='word_1_68' title='bbox 794 2018 813 2050; x_wconf 88' lang='lat'>‚</span> <span class='ocrx_word' id='word_1_69' title='bbox 856 1980 974 2034; x_wconf 79' lang='lat' dir='ltr'>aut</span> <span class='ocrx_word' id='word_1_70' title='bbox 1007 1966 1292 2059; x_wconf 87' lang='lat' dir='ltr'>pinguis.</span> <span class='ocrx_word' id='word_1_71' title='bbox 1325 1966 1801 2059; x_wconf 82' lang='lat' dir='ltr'>Experimenta</span> <span class='ocrx_word' id='word_1_72' title='bbox 1838 1966 2187 2058; x_wconf 86' lang='lat' dir='ltr'>utriusque</span> <span class='ocrx_word' id='word_1_73' title='bbox 2228 1965 2302 2033; x_wconf 90' lang='lat' dir='ltr'>in</span> <span class='ocrx_word' id='word_1_74' title='bbox 2343 1990 2587 2033; x_wconf 88' lang='lat' dir='ltr'>manus</span> <span class='ocrx_word' id='word_1_75' title='bbox 2616 1991 2636 2033; x_wconf 90' lang='lat'>:</span> 
     </span>
     <span class='ocr_line' id='line_1_11' title="bbox 543 2104 2641 2202; baseline 0 -27"><span class='ocrx_word' id='word_1_76' title='bbox 543 2131 835 2200; x_wconf 83' lang='lat' dir='ltr'>ususque</span> <span class='ocrx_word' id='word_1_77' title='bbox 864 2108 1205 2202; x_wconf 66' lang='lat' dir='ltr'>genuum,</span> <span class='ocrx_word' id='word_1_78' title='bbox 1235 2121 1352 2175; x_wconf 87' lang='lat' dir='ltr'>aut</span> <span class='ocrx_word' id='word_1_79' title='bbox 1386 2122 1461 2174; x_wconf 86' lang='lat' dir='ltr'>ut</span> <span class='ocrx_word' id='word_1_80' title='bbox 1494 2108 1718 2201; x_wconf 85' lang='lat' dir='ltr'>fruges</span> <span class='ocrx_word' id='word_1_81' title='bbox 1743 2121 2008 2175; x_wconf 89' lang='lat' dir='ltr'>tantum</span> <span class='ocrx_word' id='word_1_82' title='bbox 2036 2104 2250 2192; x_wconf 82' lang='lat' dir='ltr'>alant,</span> <span class='ocrx_word' id='word_1_83' title='bbox 2280 2120 2398 2174; x_wconf 86' lang='lat' dir='ltr'>aut</span> <span class='ocrx_word' id='word_1_84' title='bbox 2431 2106 2641 2175; x_wconf 84' lang='lat' dir='ltr'>edant</span> 
     </span>
     <span class='ocr_line' id='line_1_12' title="bbox 541 2248 2636 2346; baseline 0 -27"><span class='ocrx_word' id='word_1_85' title='bbox 541 2267 606 2319; x_wconf 85' lang='lat' dir='ltr'>et</span> <span class='ocrx_word' id='word_1_86' title='bbox 641 2249 991 2345; x_wconf 84' lang='lat' dir='ltr'>pabulum.</span> <span class='ocrx_word' id='word_1_87' title='bbox 1024 2255 1288 2346; x_wconf 82' lang='lat' dir='ltr'>Fruges</span> <span class='ocrx_word' id='word_1_88' title='bbox 1327 2250 1451 2320; x_wconf 82' lang='lat' dir='ltr'>alit</span> <span class='ocrx_word' id='word_1_89' title='bbox 1468 2252 1773 2346; x_wconf 29' lang='lat' dir='ltr'>¹tofa-cea,</span> <span class='ocrx_word' id='word_1_90' title='bbox 1810 2248 2096 2345; x_wconf 83' lang='lat' dir='ltr'>albaque</span> <span class='ocrx_word' id='word_1_91' title='bbox 2117 2302 2136 2337; x_wconf 85' lang='lat'>‚</span> <span class='ocrx_word' id='word_1_92' title='bbox 2170 2252 2223 2318; x_wconf 88' lang='lat' dir='ltr'>si</span> <span class='ocrx_word' id='word_1_93' title='bbox 2267 2252 2445 2318; x_wconf 87' lang='lat' dir='ltr'>inter</span> <span class='ocrx_word' id='word_1_94' title='bbox 2477 2250 2636 2319; x_wconf 87' lang='lat' dir='ltr'>fon-</span> 
     </span>
     <span class='ocr_line' id='line_1_13' title="bbox 540 2377 2641 2491; baseline 0 -25"><span class='ocrx_word' id='word_1_95' title='bbox 540 2412 640 2466; x_wconf 85' lang='lat' dir='ltr'>tes</span> <span class='ocrx_word' id='word_1_96' title='bbox 678 2412 943 2491; x_wconf 84' lang='lat' dir='ltr'>reperta</span> <span class='ocrx_word' id='word_1_97' title='bbox 973 2411 1072 2465; x_wconf 85' lang='lat' dir='ltr'>est</span> <span class='ocrx_word' id='word_1_98' title='bbox 1110 2394 1197 2465; x_wconf 87' lang='lat' dir='ltr'>ad</span> <span class='ocrx_word' id='word_1_99' title='bbox 1230 2395 1570 2465; x_wconf 81' lang='lat' dir='ltr'>infinitum</span> <span class='ocrx_word' id='word_1_100' title='bbox 1604 2395 1873 2483; x_wconf 86' lang='lat' dir='ltr'>fertilis,</span> <span class='ocrx_word' id='word_1_101' title='bbox 1911 2421 2145 2465; x_wconf 85' lang='lat' dir='ltr'>verum</span> <span class='ocrx_word' id='word_1_102' title='bbox 2185 2422 2416 2490; x_wconf 86' lang='lat' dir='ltr'>aspera</span> <span class='ocrx_word' id='word_1_103' title='bbox 2458 2377 2641 2466; x_wconf 51' lang='lat' dir='ltr'>tracss</span> 
     </span>
     <span class='ocr_line' id='line_1_14' title="bbox 538 2539 2640 2633; baseline 0 -23"><span class='ocrx_word' id='word_1_104' title='bbox 538 2555 720 2630; x_wconf 82' lang='lat' dir='ltr'>tatu,</span> <span class='ocrx_word' id='word_1_105' title='bbox 761 2556 825 2611; x_wconf 87' lang='lat' dir='ltr'>et</span> <span class='ocrx_word' id='word_1_106' title='bbox 855 2541 910 2608; x_wconf 91' lang='lat' dir='ltr'>si</span> <span class='ocrx_word' id='word_1_107' title='bbox 947 2540 1155 2609; x_wconf 88' lang='lat' dir='ltr'>nimia</span> <span class='ocrx_word' id='word_1_108' title='bbox 1189 2541 1435 2633; x_wconf 85' lang='lat' dir='ltr'>injecta</span> <span class='ocrx_word' id='word_1_109' title='bbox 1476 2555 1612 2623; x_wconf 82' lang='lat' dir='ltr'><strong>est,</strong></span> <span class='ocrx_word' id='word_1_110' title='bbox 1641 2541 1868 2608; x_wconf 76' lang='lat' dir='ltr'>exurit</span> <span class='ocrx_word' id='word_1_111' title='bbox 1908 2539 2146 2609; x_wconf 89' lang='lat' dir='ltr'>solum.</span> <span class='ocrx_word' id='word_1_112' title='bbox 2178 2542 2492 2610; x_wconf 82' lang='lat' dir='ltr'>Proxima</span> <span class='ocrx_word' id='word_1_113' title='bbox 2537 2557 2640 2610; x_wconf 86' lang='lat' dir='ltr'>est</span> 
     </span>
     <span class='ocr_line' id='line_1_15' title="bbox 540 2677 2639 2777; baseline 0.001 -30"><span class='ocrx_word' id='word_1_114' title='bbox 540 2678 722 2777; x_wconf 80' lang='lat' dir='ltr'>rufa,</span> <span class='ocrx_word' id='word_1_115' title='bbox 747 2703 894 2771; x_wconf 86' lang='lat' dir='ltr'>quae</span> <span class='ocrx_word' id='word_1_116' title='bbox 925 2693 1205 2747; x_wconf 85' lang='lat' dir='ltr'>vocatur</span> <span class='ocrx_word' id='word_1_117' title='bbox 1235 2701 1755 2773; x_wconf 85' lang='lat' dir='ltr'>acaunumarga,</span> <span class='ocrx_word' id='word_1_118' title='bbox 1777 2678 2165 2748; x_wconf 80' lang='lat' dir='ltr'>intermixto</span> <span class='ocrx_word' id='word_1_119' title='bbox 2188 2677 2409 2774; x_wconf 85' lang='lat' dir='ltr'>lapide</span> <span class='ocrx_word' id='word_1_120' title='bbox 2444 2694 2639 2749; x_wconf 83' lang='lat' dir='ltr'>terrae</span> 
     </span>
     <span class='ocr_line' id='line_1_16' title="bbox 541 2819 2636 2916; baseline 0.002 -29"><span class='ocrx_word' id='word_1_121' title='bbox 541 2820 855 2907; x_wconf 85' lang='lat' dir='ltr'>minutae.,</span> <span class='ocrx_word' id='word_1_122' title='bbox 894 2843 1212 2887; x_wconf 77' lang='lat' dir='ltr'>arenosae.</span> <span class='ocrx_word' id='word_1_123' title='bbox 1258 2819 1462 2912; x_wconf 84' lang='lat' dir='ltr'>Lapis</span> <span class='ocrx_word' id='word_1_124' title='bbox 1504 2819 1818 2890; x_wconf 84' lang='lat' dir='ltr'>conditur</span> <span class='ocrx_word' id='word_1_125' title='bbox 1856 2822 1925 2889; x_wconf 84' lang='lat' dir='ltr'>in</span> <span class='ocrx_word' id='word_1_126' title='bbox 1966 2821 2112 2914; x_wconf 88' lang='lat' dir='ltr'>ipso</span> <span class='ocrx_word' id='word_1_127' title='bbox 2143 2845 2385 2915; x_wconf 84' lang='lat' dir='ltr'>campo</span> <span class='ocrx_word' id='word_1_128' title='bbox 2422 2847 2439 2890; x_wconf 91' lang='lat'>:</span> <span class='ocrx_word' id='word_1_129' title='bbox 2493 2825 2636 2916; x_wconf 88' lang='lat' dir='ltr'>pri-</span> 
     </span>
     <span class='ocr_line' id='line_1_17' title="bbox 540 2961 2631 3060; baseline 0.001 -28"><span class='ocrx_word' id='word_1_130' title='bbox 540 2966 799 3057; x_wconf 85' lang='lat' dir='ltr'>misque</span> <span class='ocrx_word' id='word_1_131' title='bbox 836 2964 1028 3031; x_wconf 82' lang='lat' dir='ltr'>annis</span> <span class='ocrx_word' id='word_1_132' title='bbox 1064 2961 1310 3057; x_wconf 88' lang='lat' dir='ltr'>stipula</span> <span class='ocrx_word' id='word_1_133' title='bbox 1338 2962 1698 3048; x_wconf 66' lang='lat' dir='ltr'>difficulter</span> <span class='ocrx_word' id='word_1_134' title='bbox 1733 2962 2008 3033; x_wconf 85' lang='lat' dir='ltr'>caeditur</span> <span class='ocrx_word' id='word_1_135' title='bbox 2043 2978 2320 3059; x_wconf 81' lang='lat' dir='ltr'>propter</span> <span class='ocrx_word' id='word_1_136' title='bbox 2352 2964 2631 3060; x_wconf 79' lang='lat' dir='ltr'>lapides,</span> 
     </span>
     <span class='ocr_line' id='line_1_18' title="bbox 538 3103 2633 3203; baseline -0 -25"><span class='ocrx_word' id='word_1_137' title='bbox 538 3106 890 3203; x_wconf 62' lang='lat' dir='ltr'>Impendio</span> <span class='ocrx_word' id='word_1_138' title='bbox 925 3123 1149 3184; x_wconf 73' lang='lat' dir='ltr'>tamen</span> <span class='ocrx_word' id='word_1_139' title='bbox 1173 3108 1455 3175; x_wconf 87' lang='lat' dir='ltr'>minimo</span> <span class='ocrx_word' id='word_1_140' title='bbox 1480 3103 1777 3192; x_wconf 82' lang='lat' dir='ltr'>levitate,</span> <span class='ocrx_word' id='word_1_141' title='bbox 1805 3106 2083 3176; x_wconf 89' lang='lat' dir='ltr'>dimidio</span> <span class='ocrx_word' id='word_1_142' title='bbox 2112 3109 2395 3176; x_wconf 90' lang='lat' dir='ltr'>minoris</span> <span class='ocrx_word' id='word_1_143' title='bbox 2427 3135 2633 3201; x_wconf 89' lang='lat' dir='ltr'>quam</span> 
     </span>
     <span class='ocr_line' id='line_1_19' title="bbox 545 3249 2637 3344; baseline -0.001 -21"><span class='ocrx_word' id='word_1_144' title='bbox 545 3269 785 3323; x_wconf 83' lang='lat' dir='ltr'>ceterae</span> <span class='ocrx_word' id='word_1_145' title='bbox 807 3303 826 3338; x_wconf 84' lang='lat'><strong>,</strong></span> <span class='ocrx_word' id='word_1_146' title='bbox 869 3251 1226 3319; x_wconf 85' lang='lat' dir='ltr'>invehitur.</span> <span class='ocrx_word' id='word_1_147' title='bbox 1274 3251 1696 3344; x_wconf 84' lang='lat' dir='ltr'>Inspergitur</span> <span class='ocrx_word' id='word_1_148' title='bbox 1736 3275 1928 3319; x_wconf 87' lang='lat' dir='ltr'>rara:</span> <span class='ocrx_word' id='word_1_149' title='bbox 1985 3249 2117 3318; x_wconf 87' lang='lat' dir='ltr'>sale</span> <span class='ocrx_word' id='word_1_150' title='bbox 2172 3275 2321 3319; x_wconf 86' lang='lat' dir='ltr'>eam</span> <span class='ocrx_word' id='word_1_151' title='bbox 2364 3252 2637 3321; x_wconf 84' lang='lat' dir='ltr'>misceri</span> 
     </span>
     <span class='ocr_line' id='line_1_20' title="bbox 538 3360 2635 3492; baseline -0.001 -25"><span class='ocrx_word' id='word_1_152' title='bbox 538 3411 802 3492; x_wconf 84' lang='lat' dir='ltr'>putant.</span> <span class='ocrx_word' id='word_1_153' title='bbox 845 3397 1228 3486; x_wconf 84' lang='lat' dir='ltr'>Utrumque</span> <span class='ocrx_word' id='word_1_154' title='bbox 1274 3360 1420 3462; x_wconf 13' lang='lat' dir='ltr'>hoc*</span> <span class='ocrx_word' id='word_1_155' title='bbox 1444 3363 1659 3487; x_wconf 56' lang='lat' dir='ltr'>genua</span> <span class='ocrx_word' id='word_1_156' title='bbox 1696 3384 1896 3462; x_wconf 76' lang='lat' dir='ltr'>semel</span> <span class='ocrx_word' id='word_1_157' title='bbox 1955 3395 2274 3488; x_wconf 85' lang='lat' dir='ltr'>injectum</span> <span class='ocrx_word' id='word_1_158' title='bbox 2316 3396 2384 3462; x_wconf 89' lang='lat' dir='ltr'>in</span> <span class='ocrx_word' id='word_1_159' title='bbox 2427 3397 2635 3489; x_wconf 89' lang='lat' dir='ltr'>quin-</span> 
     </span>
    </p>
   </div>
   <div class='ocr_carea' id='block_1_5' title="bbox 542 3535 2637 3638">
    <p class='ocr_par' dir='ltr' id='par_1_5' title="bbox 542 3535 2637 3638">
     <span class='ocr_line' id='line_1_21' title="bbox 542 3535 2637 3638; baseline -0 -30"><span class='ocrx_word' id='word_1_160' title='bbox 542 3542 862 3635; x_wconf 84' lang='lat' dir='ltr'>quaginta</span> <span class='ocrx_word' id='word_1_161' title='bbox 887 3562 1110 3607; x_wconf 82' lang='lat' dir='ltr'>annos</span> <span class='ocrx_word' id='word_1_162' title='bbox 1140 3535 1357 3623; x_wconf 77' lang='lat' dir='ltr'>valet,</span> <span class='ocrx_word' id='word_1_163' title='bbox 1392 3552 1461 3606; x_wconf 84' lang='lat' dir='ltr'>et</span> <span class='ocrx_word' id='word_1_164' title='bbox 1498 3535 1767 3632; x_wconf 84' lang='lat' dir='ltr'>frugum</span> <span class='ocrx_word' id='word_1_165' title='bbox 1794 3552 1861 3606; x_wconf 86' lang='lat' dir='ltr'>et</span> <span class='ocrx_word' id='word_1_166' title='bbox 1895 3537 2124 3632; x_wconf 85' lang='lat' dir='ltr'>pabuli</span> <span class='ocrx_word' id='word_1_167' title='bbox 2157 3538 2484 3608; x_wconf 83' lang='lat' dir='ltr'>ubertate.</span> <span class='ocrx_word' id='word_1_168' title='bbox 2566 3606 2637 3638; x_wconf 18' lang='lat' dir='ltr'>*A*</span> 
     </span>
    </p>
   </div>
  </div>
 </body>
</html>
