2941 4807
422 381 460 440 ’ἦ
734 393 736 396 ’
926 378 993 435 C·
1030 379 1263 436 PLINII
1302 379 1497 438 HIST.
1540 380 1715 436 NAT.
1757 380 1898 437 LIB.
1927 380 2086 436 XVI.

425 503 582 570 visae
616 503 811 572 nobis
846 505 1276 576 Chaucorum
1301 558 1320 593 ‚
1355 509 1473 600 qui
1508 508 1795 602 majores
1832 509 2259 601 minoresque
2293 502 2525 600 appel-

427 643 675 716 lantur.
703 650 916 718 Vasto
953 650 1047 718 ibi
1088 665 1313 721 meatu
1334 704 1353 741 ,
1397 652 1501 720 bis
1542 650 1805 721 dierum
1841 652 2270 745 noctiumque
2301 640 2534 743 singu·¹

429 788 647 860 larum
684 791 1082 880 intervallis,
1119 794 1371 863 effusus
1404 797 1477 863 in
1514 797 1918 864 immensum
1952 795 2175 889 agitur
2206 816 2528 879 oceanUS‚

348 1015 355 1022 .
431 948 750 1030 aeternam
807 938 1118 1031 operiens
1171 963 1400 1007 rerum
1456 953 1720 1007 naturae
1780 937 2352 1007 controversiam:
2402 933 2525 1002 du-

432 1078 756 1172 biumque
802 1093 990 1149 terrae
1023 1081 1148 1170 sit,
1198 1107 1285 1150 an
1318 1107 1477 1177 pars
1516 1081 1583 1150 id
1625 1082 1852 1150 mariS.
1901 1079 2051 1149 Illic
2089 1080 2329 1148 misera
2369 1103 2531 1174 gens

435 1222 732 1292 tumulos
784 1225 1044 1294 obtinet
1091 1224 1304 1314 altos,
1362 1242 1478 1295 aut
1507 1224 1869 1295 tribunalia
1915 1222 2173 1294 'structa
2226 1223 2533 1292 manibus

437 1366 522 1436 ad
561 1368 1016 1462 experimenta
1044 1368 1353 1438 altissimi
1394 1383 1596 1439 aestus
1620 1422 1639 1456 ‚
1677 1371 1845 1439 casis
1881 1370 1976 1438 ita
2010 1369 2379 1463 impositis:
2417 1391 2535 1434 na-

439 1514 827 1607 vigantibus
881 1504 1128 1582 similes
1159 1565 1178 1600 ‚
1236 1539 1445 1608 quum
1486 1515 1792 1610 integant
1847 1487 2033 1610 aduae
2086 1513 2534 1583 circumdata:

440 1658 783 1754 naufragis
824 1683 981 1728 vero
1010 1711 1029 1747 ,
1094 1684 1306 1752 quum
1362 1661 1757 1728 recesserint
1806 1685 1821 1727 ε
1880 1637 2340 1754 fugientesque
2383 1683 2537 1728 cum

441 1805 612 1874 mari
655 1805 866 1898 pisces
915 1805 1093 1873 circa
1144 1805 1419 1897 tuguria
1463 1819 1818 1874 venantur.
1865 1806 2026 1876 Non
2062 1804 2383 1898 pecudem
2432 1803 2539 1872 his

443 1949 690 2047 habere
714 1998 733 2035 ‚
777 1973 917 2016 non
953 1946 1124 2017 lacte
1154 1946 1274 2036 ali,
1308 1963 1384 2016 ut
1412 1949 1748 2038 finitimis,
1780 1974 1866 2040 ne
1891 1975 2047 2018 cum
2081 1949 2237 2018 feris
2270 1948 2539 2043 quidem

447 2094 764 2163 dimicare
824 2093 1200 2188 contingit,
1252 2094 1435 2161 omni
1478 2092 1717 2189 procul
1771 2095 2007 2164 abacto
2056 2094 2316 2163 frutice.
2364 2092 2540 2162 Ulva

451 2254 518 2308 et
548 2237 834 2334 ⁴palustri
865 2240 1075 2332 junco
1113 2239 1305 2308 funes
1349 2253 1629 2307 nectunt
1664 2239 1749 2308 ad
1785 2238 2211 2333 praetexenda
2244 2231 2543 2332 piscibus

452 2386 622 2456 retia
657 2412 675 2455 :
732 2400 1140 2480 captumque
1180 2359 1492 2453 manibus
1533 2381 1753 2454 lutum
1794 2385 2011 2455 ventis
2051 2385 2259 2479 magis
2285 2437 2305 2474 ,
2344 2399 2545 2480 quam

453 2530 599 2622 sole,
635 2532 995 2600 siccantes:
1038 2544 1219 2598 terra
1252 2520 1475 2617 cibos‚'
1510 2544 1577 2599 et
1602 2532 1890 2626 rigentia
1928 2532 2381 2625 septentrione
2413 2532 2549 2600 vis-

457 2700 612 2744 cera
649 2700 768 2744 sua
805 2688 1035 2744 urunt.
1073 2677 1282 2768 Potus
1335 2700 1476 2743 non
1516 2676 1646 2743 nisi
1687 2701 1768 2744 ex
1816 2675 2036 2764 imbre
2070 2691 2331 2746 servato
2367 2702 2549 2746 scro-

456 2821 655 2889 bibus
676 2822 746 2888 in
766 2817 1098 2888 vestibulo
1116 2818 1377 2887 domus,
1403 2822 1490 2888 Et
1502 2820 1605 2888 hae
1625 2821 1953 2914 gente3,.si
1980 2822 2337 2891 vincantur
2352 2821 2552 2891 hodie

464 2992 500 3034 a
542 2964 795 3060 popu-lo
829 2988 1139 3053 romanO,
1180 2966 1427 3033 servire
1479 2990 1548 3033 se
1579 2963 1853 3036 dicunt!
1906 2971 2010 3037 Ita
2053 2983 2152 3038 est
2202 2968 2550 3064 profecto:

464 3110 690 3180 multis
723 3112 995 3179 fortuna
1031 3110 1249 3204 parcit
1281 3109 1351 3178 in
1390 3135 1680 3205 poenam.
