2941 4807
545 434 659 494 358
1008 439 1071 497 C.
1111 439 1341 497 PLINII
1380 438 1574 497 HIST.
1617 442 1786 498 NAT.
1828 443 1968 498 LIB.
1995 443 2182 498 XVII.

546 565 835 634 mutavit
874 563 1016 635 caeli
1056 565 1382 634 habitum.
1433 569 1528 635 At
1579 569 1648 636 in
1700 550 2145 661 Syracusano‘
2164 592 2327 664 agro
2376 567 2642 636 advena

546 707 766 779 cultor
814 709 1148 805 elapidato
1205 707 1348 780 solo
1368 763 1386 800 ,
1433 710 1728 807 perdidit
1763 711 1988 807 fruges
2041 711 2184 782 luto
2206 766 2225 800 ‚
2266 711 2484 781 donec
2527 737 2639 781 re-

546 856 746 948 gessit
779 853 1052 949 lapides.
1088 857 1168 923 In
1195 855 1383 949 Syria
1414 854 1631 924 levem
1662 857 1846 925 tenui
1880 855 2066 926 sulco
2088 856 2488 951 imprimunt
2517 879 2640 926 vo-

544 1022 793 1067 merem
817 1049 837 1087 ,
880 998 1038 1092 quia
1075 998 1297 1066 subest
1330 1023 1564 1068 saxum
1600 1023 1884 1068 exurens
1920 1013 2145 1069 aestate
2178 1000 2457 1068 semina.
2489 1003 2641 1068 Jam

543 1142 614 1210 in
656 1142 1055 1236 quibusdam
1090 1140 1256 1212 locis
1289 1140 1536 1211 similes
1573 1156 1770 1212 aestus
1805 1142 2181 1228 immodici,
2205 1157 2272 1211 et
2302 1142 2641 1237 frigorum

543 1285 838 1356 effectus.
889 1290 1011 1356 Est
1046 1284 1281 1381 fertilis
1318 1286 1605 1356 Thracia
1636 1285 1916 1381 frugum
1941 1340 1962 1371 ‚
1998 1287 2266 1380 rigore:
2319 1286 2597 1355 aestibus
2623 1338 2644 1376 ,

541 1425 771 1497 Africa
805 1441 871 1495 et
906 1429 1250 1522 AEgyptus.
1286 1429 1377 1495 In·
1408 1424 1685 1495 Chalcia
1717 1426 2138 1496 Rhodiorum
2188 1426 2410 1496 insula
2452 1427 2645 1497 locus

541 1572 816 1668 quidam
848 1573 1047 1643 estin
1080 1586 1345 1641 tantum
1369 1564 1743 1658 fecundus,
1788 1574 1875 1639 ut‘
1902 1595 2024 1639 suo
2064 1586 2363 1666 tempore
2415 1587 2643 1641 satum

542 1716 882 1786 demetant
936 1716 1264 1785 hordeum
1289 1767 1310 1805 ,
1354 1713 1826 1809 sublatumque
1876 1715 2186 1809 protinus
2255 1730 2482 1784 serant
2499 1766 2518 1804 ,
2573 1731 2645 1785 et

540 1886 695 1931 cum
722 1860 867 1929 aliis
900 1859 1208 1956 frugibus
1237 1873 1513 1928 metant.
1539 1858 1944 1931 Glareosum
1977 1857 2142 1928 oleis
2179 1857 2398 1929 solum
2428 1862 2644 1955 aptis·

457 2080 463 2085 ,
543 2005 785 2073 simum
827 2004 898 2070 in
938 2001 1354 2089 Venafrano,
1396 2001 1916 2096 pinguissimum
1965 2001 2036 2068 in
2074 2001 2335 2070 Baetica.
2375 2002 2645 2071 Puciua

541 2149 700 2217 vina
735 2147 806 2215 in
836 2170 996 2215 saxo
1022 2159 1421 2239 coquuntun
1442 2144 1742 2215 Caecubae
1773 2146 1941 2214 vites
1974 2145 2042 2214 in
2088 2146 2467 2240 Pomptinis
2518 2173 2641 2242 pa-

541 2289 808 2361 ludibus
854 2292 1141 2360 madent.
1175 2294 1394 2360 Tanta
1443 2305 1544 2359 est
1597 2305 2148 2386 argumentorum
2162 2259 2191 2379 ‚'
2238 2316 2314 2361 ac
2351 2288 2481 2361 soli
2517 2317 2638 2362 va-

540 2439 745 2510 rietas
774 2490 794 2528 ,
840 2461 920 2506 ac
972 2435 1366 2505 differentia.
1412 2438 1632 2505 Caesar
1668 2436 1999 2530 Vopiscus
2025 2487 2044 2521 ‚
2092 2461 2304 2530 quum
2361 2463 2639 2508 causam

541 2583 724 2680 apud
753 2607 1056 2652 censores
1080 2597 1339 2686 ageret,
1368 2611 1403 2645 «
1420 2604 1692 2675 campos
1710 2584 1943 2650 Roseae
1968 2580 2138 2649 dixit
2160 2580 2369 2651 Italiae
2397 2607 2641 2653 sumen

542 2749 712 2816 esse,
740 2727 812 2793 in
836 2723 1081 2817 quibus
1107 2722 1389 2817 perticas
1407 2722 1623 2816 pridie
1660 2722 1923 2792 relictas
1955 2728 2231 2818 gramen
2256 2726 2635 2820 operirem»

542 2869 657 2940 sed
689 2894 827 2938 non
859 2869 988 2937 nisi
1018 2866 1105 2938 ad
1139 2864 1462 2962 pabulum
1495 2867 1892 2961 probantur.
1925 2868 2087 2937 Non.
2118 2882 2339 2936 tamen
2376 2868 2640 2939 indoci-

544 3015 636 3086 les
672 3025 912 3084 natura
941 3038 1063 3081 nos
1093 3036 1233 3081 esse
1265 3009 1518 3098 Voluit,
1551 3026 1619 3079 et
1653 3012 1814 3079 vitia
1850 3012 2148 3081 confessa
2186 3012 2342 3082 fecit
2370 3065 2389 3101 ,
2427 3017 2636 3084 etiam

542 3159 660 3231 ubi
700 3161 879 3229 bona
917 3172 1097 3227 certa
1136 3182 1271 3225 non
1321 3156 1585 3225 fecerat.
1628 3157 2109 3252 §Quamobrem
2149 3157 2444 3251 primum
2498 3163 2635 3228 cri-

547 3308 728 3375 mina
763 3306 1083 3374 dicamus.
