2941 4807
448 396 518 433 ιο
838 420 844 429 .
906 377 971 431 C.
1015 375 1245 431 PLINII
1277 372 1483 429 mer.
1528 373 1702 428 NAT.
1746 374 1885 428 un.
1913 373 2075 431 xvl.

1131 645 1220 698 De
1253 658 1599 699 coronarum
1635 642 1877 716 origine.

544 873 664 941 IV.
707 870 1102 965 Antiquitas
1139 869 1418 964 quidem
1449 865 1639 939 nulla
1660 920 1680 954 ‚
1714 868 1845 943 nisi
1883 865 2054 953 deo,¹
2094 865 2418 939 dabatur:
2456 866 2541 935 ob

446 1015 517 1083 id
556 1019 890 1085 Homerus
942 1013 1105 1085 caelo
1144 1028 1408 1084 tantum
1459 1038 1569 1083 eas
1594 1066 1614 1100 ‚
1667 1027 1734 1083 et
1775 1009 2014 1108 proelio
2062 1012 2378 1083 universo
2420 1014 2543 1086 tri·

446 1156 634 1227 buit:
664 1158 917 1227 viritim
958 1184 1118 1229 vero
1155 1183 1242 1228 ne
1276 1158 1347 1226 in
1383 1157 1745 1228 certamine
1782 1154 2053 1251 quidem
2084 1152 2227 1229 ussi.
2261 1158 2546 1227 Ferunt·

450 1326 581 1397 que
616 1302 916 1399 primum
955 1303 1259 1374 omnium
1285 1301 1606 1373 Liberum
1643 1317 1906 1397 patrem
1925 1302 2320 1398 imposuisse
2342 1302 2547 1396 capiti

448 1472 570 1517 suo
610 1473 691 1516 ex
729 1447 950 1521 edera.
984 1451 1223 1518 Postea
1259 1447 1543 1518 deorum
1569 1449 1817 1519 honori
1851 1447 2296 1518 sacrificantes
2319 1471 2549 1541 sump·
2600 1456 2605 1464 “

447 1618 633 1681 sere,
677 1594 968 1663 victimis
1023 1590 1223 1663 simul
1271 1594 1634 1665 coronatis.
1678 1593 2061 1665 Novissime
2112 1605 2183 1660 et
2228 1591 2301 1660 in
2347 1591 2550 1660 sacris

448 1738 927 1806 eertaminibus
971 1749 1304 1832 usurpatae
1332 1762 1348 1806 z
1381 1738 1452 1804 in
1490 1735 1736 1830 quibus
1767 1735 2104 1830 hodieque
2139 1760 2278 1804 non
2311 1736 2549 1804 victori

454 1882 686 1971 datur,
729 1882 850 1952 sed
892 1885 1178 1978 patriam
1210 1882 1301 1953 'ab
1351 1908 1432 1955 eo
1482 1884 1791 1954 coronari
1839 1884 2337 1978 pronuntiatur.
2385 1881 2552 1951 Inde

455 2043 720 2116 natum,
755 2043 833 2099 ut
872 2043 941 2098 et
972 2029 1487 2123 triumphaturis
1526 2029 1998 2100 conferrentur
2037 2030 2107 2097 in
2145 2026 2414 2123 templis
2447 2027 2550 2096 di-

453 2172 725 2242 candae:
785 2198 944 2243 mox
1001 2188 1076 2242 ut
1116 2189 1185 2243 et
1235 2170 1417 2244 ludis
1462 2173 1805 2243 darentur.
1858 2175 2175 2269 Longum
2224 2185 2324 2242 est
2349 2222 2378 2259 ‚1
2405 2197 2551 2243 nee

454 2318 746 2413 instituti
779 2320 1002 2415 operis
1025 2369 1045 2409 ,
1078 2319 1407 2390 disserere
1433 2319 1744 2414 quisnam
1794 2323 2260 2391 Romanorum
2295 2319 2552 2414 primus

453 2466 828 2559 acceperit:
869 2489 1089 2559 neque
1128 2466 1307 2533 enim
1364 2461 1528 2534 alias
1581 2479 1908 2534 noverant
1941 2518 1960 2551 ‚
2019 2479 2219 2559 quam
2258 2461 2550 2534 bellicas.

455 2605 661 2699 Quod
691 2624 950 2680 certum
980 2626 1119 2698 est,
1157 2612 1277 2681 uni
1312 2613 1611 2707 gentium
1643 2611 1806 2681 huic
1841 2610 2039 2707 plura
2076 2626 2236 2680 sunt
2272 2611 2555 2707 genera,

457 2778 657 2846 quam
699 2754 980 2824 cunctis.

1053 3216 1170 3287 Qui
1200 3216 1443 3274 frondea
1470 3233 1687 3273 corona
1724 3213 1942 3270 donati.

560 3442 645 3511 V.
689 3437 1016 3510 Romulus
1065 3438 1344 3509 frondea
1401 3439 1751 3509 coronavit
1796 3441 2083 3507 Hostum
2143 3434 2504 3505 Hostilium
2531 3486 2552 3522 ‚

464 3586 643 3679 quod
672 3585 995 3656 Fidenam
1030 3586 1283 3678 primus
1318 3586 1687 3679 irrupisset.
1710 3587 1892 3654 Avus
1923 3582 2037 3651 hic
2069 3579 2250 3650 Tulli
2284 3575 2554 3649 Hostilii

465 3725 638 3823 regis
678 3727 826 3799 fuit.
869 3731 941 3798 P.
969 3728 1551 3822 Deciumpatrem
1573 3778 1592 3816 ,
1628 3727 1979 3795 tribunum
2006 3722 2296 3792 militum
2319 3774 2339 3809 ‚
2367 3722 2555 3790 fron.-

472 3869 594 3939 dea
637 3868 933 3961 donavit·
957 3837 1282 3960 exercitus
1326 3868 1412 3938 ab
1452 3893 1535 3938 eo
1569 3880 1870 3946 servatus
1887 3917 1908 3955 ‚
1952 3866 2354 3960 imperatore
2389 3865 2556 3932 Cor-

472 4014 648 4085 nelio
705 4018 913 4086 Cosso
963 4012 1270 4099 consule,
1336 4013 1737 4083 Samnitium
1789 4009 1988 4081 bello.
2054 4008 2287 4079 Civica
2348 4005 2553 4101 iligna
