2941 4807
499 428 573 497 64
981 430 1320 489 C.PL1N11
1362 432 1556 489 HIST.
1600 434 1771 489 NAT.
1813 432 1955 489 LIB.
1985 435 2142 490 XVI.

507 558 677 643 nitio
711 571 841 643 est,
877 581 1015 625 non
1043 557 1348 627 decidere
1374 559 1512 646 his,
1551 583 1839 652 quarum
1882 566 2118 631 succus
2143 562 2459 657 pinguior
2484 565 2591 632 sit.

507 703 681 792 Quis
723 703 900 771 enim
937 715 1157 795 potest
1192 703 1263 771 in
1296 700 1446 772 ilice
1488 702 1909 799 intelligere?
1951 703 2276 775 Decidere
2304 708 2592 777 Timaeus

507 847 1020 916 mathematicus
1063 845 1225 934 sole⁴
1255 849 1693 943 Scorpionem
1744 863 2172 939 transeunte,
2215 850 2447 922 sideris
2486 854 2594 939 vi,

507 1008 574 1063 et
629 993 919 1087 quodam
971 1018 1232 1062 veneno
1285 994 1494 1082 aeris,
1546 1010 1761 1089 putat.
1795 998 1947 1088 ⁸Cur
1986 982 2327 1092 ergo’non
2363 995 2593 1066 eadem

508 1163 707 1208 causa
741 1138 1096 1208 adversum
1131 1163 1363 1208 omnes
1401 1137 1649 1234 polleat
1677 1190 1694 1223 ‚
1725 1140 1881 1234 jure
1927 1141 2268 1209 miremur.
2325 1139 2596 1212 Cadunt

507 1282 815 1380 plurimis
852 1299 1197 1385 autumno·
1238 1284 1564 1373 Quaedam
1604 1284 1873 1355 tardius‘
1894 1287 2247 1374 amittunt,
2282 1300 2483 1379 atque
2523 1287 2595 1355 in

508 1431 756 1500 hiemes
790 1445 1158 1526 prorogant
1191 1455 1431 1500 moras.
1492 1432 1727 1524 Neque
1763 1432 2036 1500 interest
2072 1432 2399 1499 maturius
2442 1456 2596 1526 ger·

505 1578 844 1645 minasse:
892 1591 1126 1670 utpote
1162 1600 1371 1669 quum
1418 1574 1724 1669 quaedam
1770 1578 2003 1671 primae
2052 1577 2470 1671 germinent,
2529 1591 2599 1645 et

507 1723 685 1789 inter
716 1721 1104 1789 novissimas
1140 1719 1523 1788 nudentur:
1563 1736 1639 1790 ut
1680 1720 2074 1816 amygdalae,
2114 1721 2389 1809 fraxini,
2426 1746 2598 1789 sam-

504 1867 682 1936 buci.
719 1869 955 1935 Morus
989 1881 1212 1935 autem
1244 1865 1605 1935 novissima
1633 1867 1993 1961 germinat,
2036 1891 2192 1935 cum
2229 1867 2463 1960 primis
2490 1865 2593 1934 fo-

499 2009 595 2080 lia
631 2010 928 2079 dimittit.
969 2013 1220 2104 Magna
1248 2023 1313 2078 et
1351 2011 1424 2078 in
1453 2010 1583 2078 hoc
1624 2010 1722 2078 vis
1756 2008 1897 2078 soli.
1928 2010 2124 2078 Prius
2165 2009 2488 2079 decidunt
2520 2012 2592 2078 in

508 2157 699 2224 siccis'
728 2154 1139 2247 macrisque:
1179 2169 1246 2223 et
1270 2169 1548 2224 vetustae
1578 2156 1765 2248 prius
1799 2155 2022 2223 arbori
2050 2181 2065 2222 t
2103 2153 2329 2224 multis
2354 2157 2585 2245 etiam,

503 2313 860 2392 antequam
906 2313 1307 2368 maturescat
1361 2297 1639 2367 fructus.
1692 2303 1775 2367 In
1819 2301 2111 2368 serotina
2158 2299 2328 2389 ficu,
2382 2315 2448 2368 et
2483 2301 2590 2369 hi-

509 2443 718 2512 berna
753 2444 937 2537 piro,
974 2457 1041 2511 et
1084 2441 1263 2512 malo
1300 2459 1583 2539 granato
1629 2458 1730 2512 est
1766 2467 2044 2539 pomum
2080 2459 2342 2514 tantum
2385 2432 2591 2540 aspici

417 2571 426 2579 ⁸
504 2590 573 2657 in
614 2604 843 2658 matre.
902 2591 1142 2681 Neque
1192 2589 1296 2657 his
1350 2603 1573 2658 autem
1594 2644 1614 2676 ‚
1663 2614 1809 2683 quae
1853 2616 2113 2686 semper
2151 2594 2442 2661 retinent
2479 2618 2596 2662 co-

505 2757 645 2800 mas
666 2783 684 2819 ,
721 2732 953 2800 eadem
981 2731 1140 2802 folia
1177 2732 1461 2806 durant:
1506 2733 1622 2806 sed
1659 2736 2211 2807 subnascentibus
2241 2737 2419 2826 aliis,
2448 2752 2596 2807 tum

505 2891 814 2946 arescunt
858 2891 1082 2947 vetera
1116 2904 1130 2945 ε
1172 2878 1354 2971 quod
1387 2882 1609 2950 evenit
1642 2882 1819 2949 circa
1850 2880 2127 2950 solstitia
2164 2884 2468 2952 maxime.

495 3508 717 3579 Quibus
743 3508 1011 3565 foliorum
1036 3511 1181 3566 varii
1204 3512 1455 3567 colores:
1488 3529 1734 3585 quorum
1759 3511 2031 3567 foliorum
2055 3509 2251 3586 figurae
2274 3522 2583 3568 mutentur.

1177 3607 1523 3680 Populorum
1551 3624 1761 3681 genera
1798 3626 1903 3662 1¹11.

597 3786 880 3853 XXXV.
917 3782 1258 3853 Foliorum
1308 3788 1527 3855 unitas
1573 3788 1644 3860 in
1697 3811 1819 3855 suo
1874 3789 2116 3881 cuique
2156 3813 2397 3883 genere
2438 3812 2587 3883 per-

498 3936 763 4007 manet,
802 3935 1247 4016 praeterquam
1294 3920 1588 4018 populo,
1627 3923 1877 4012 ederae,
1926 3926 2182 3994 crotoni
2212 3979 2231 4015 ,
2279 3952 2481 4020 quam
2521 3941 2587 3997 et

494 4062 617 4129 cici
651 4059 936 4129 diximus
978 4063 1222 4130 vocari.
