2941 4807
574 421 691 481 400
981 430 985 434 ·
1038 414 1103 471 C.
1141 414 1375 472 PLINII
1415 415 1609 471 HIST.
1651 417 1820 472 NAT.
1858 418 2004 473 LIB.
2028 417 2217 474 xvll.

591 779 618 786 ⁴
679 787 850 855 Cato
882 809 1108 856 omnes
1126 801 1384 876 ventos,
1404 757 1477 857 et
1509 788 1788 858 imbrem
1807 814 2078 884 quoque
2105 790 2177 859 in
2206 804 2353 860 tota
2385 789 2682 861 transla-

584 929 767 998 tione
799 929 1092 999 damnat.
1117 934 1207 1000 Et
1233 931 1322 1000 ad
1349 932 1492 1002 haec
1516 932 1817 1029 proderit
1842 958 2042 1028 quam
2064 933 2435 1029 plurimum
2456 950 2676 1023 terrae,

585 1080 655 1146 in
686 1102 819 1174 qua
842 1077 1161 1167 vixerint,
1182 1075 1519 1148 radicibus
1555 1080 1906 1170 cohaerere,
1943 1106 2021 1150 ac
2050 1095 2224 1150 totas
2254 1082 2505 1174 cespite
2544 1083 2674 1150 cir-

581 1200 931 1318 cumlig’ari
951 1248 968 1290 ε
997 1246 1206 1318 quum
1229 1223 1316 1292 ob
1343 1222 1412 1292 id
1428 1226 1597 1293 Cato
1618 1225 1688 1292 in
1713 1223 2031 1293 corbibus
2049 1224 2396 1293 transferri
2411 1224 2670 1317 jubeat,

580 1362 815 1460 procul
848 1364 1053 1436 dubio
1082 1360 1448 1437 utilissime.
1474 1366 1662 1437 Idem
1687 1391 2016 1437 summam
2041 1381 2288 1436 terram
2314 1381 2669 1436 contentus

577 1525 677 1581 est
723 1510 939 1582 subdi.
982 1511 1275 1601 Quidam
1326 1511 1597 1583 Punicis
1634 1509 1827 1581 malis
1879 1512 2214 1582 substrato
2267 1509 2493 1604 lapide
2529 1536 2667 1580 non

575 1655 796 1750 rumpi
846 1680 1126 1749 pomum
1180 1657 1252 1726 in
1305 1655 1656 1725 arboribus
1703 1655 1997 1724 tradunt.
2056 1652 2335 1724 Radices
2387 1652 2667 1722 inflexas

577 1797 739 1891 poni
773 1795 1030 1868 melius.
1055 1797 1386 1867 Arborem
1428 1799 1641 1893 ipsam
1676 1797 1770 1864 ita
1802 1794 2049 1882 locari,
2081 1809 2159 1863 ut
2187 1792 2409 1863 media
2444 1796 2532 1863 sit
2562 1809 2666 1863 ‘to-

573 1944 708 2011 tius
742 1942 1031 2030 scrobis,
1070 1942 1534 2012 necessarium.
1562 1942 1788 2030 Ficus,
1828 1941 1884 2009 si
1921 1941 1991 2009 in
2030 1937 2215 2009 scilla
2251 1938 2663 2037 (bulborum

571 2088 702 2156 hoc
721 2083 937 2180 ‘genus
976 2084 1112 2179 est)
1150 2098 1409 2155 seratur
1426 2136 1447 2173 ,
1478 2085 1778 2156 ocissime
1804 2083 1977 2154 ferre
2013 2083 2302 2154 traditur
2340 2109 2623 2180 pomum
2642 2138 2663 2172 ‚

572 2253 791 2323 neque
815 2226 1351 2302 vermiculationi
1369 2228 1771 2298 obnoxium:
1799 2254 1936 2323 quo
1959 2228 2125 2298 vitio
2150 2243 2379 2300 carent
2400 2227 2662 2324 reliqua

569 2397 770 2469 poma
803 2371 1105 2443 similiter
1137 2387 1299 2442 sata.
1337 2371 1670 2442 Radicum
1697 2373 1837 2467 ejus
1865 2395 2182 2468 magnam
2210 2339 2659 2443 adhibendam

565 2543 829 2607 curam,
859 2533 936 2588 ut
961 2531 1301 2611 exemptas
1324 2532 1675 2614 appareat,
1705 2540 1843 2587 non
1868 2515 2159 2605 evulsas,
2180 2517 2328 2611 quis
2357 2517 2661 2587 dubitet?

570 2660 725 2750 Qua
749 2660 1009 2730 ratione
1035 2674 1101 2729 et
1125 2658 1382 2754 reliqua
1415 2659 1715 2730 confessa
1744 2656 2150 2729 omittimus:
2179 2660 2377 2729 sicuti
2405 2673 2656 2730 terram

566 2804 747 2874 circa
782 2801 1038 2872 radices
1077 2799 1385 2875 fistucato
1421 2801 1834 2897 spissandam
1854 2853 1879 2894 ‚
1915 2802 2101 2897 quod
2141 2805 2309 2877 Cato
2358 2804 2653 2898 primum

565 2948 638 3017 in
666 2970 746 3018 ea
774 2971 850 3016 re
877 2970 1022 3017 esse
1043 2960 1302 3019 censet:
1326 2944 1596 3042 plagam
1616 2968 1883 3042 quoque
1901 2971 1942 3015 a
1968 2960 2209 3016 trunco
2228 2943 2444 3017 oblini
2469 2947 2649 3036 fimo,

562 3106 630 3160 et
665 3089 841 3160 foliis
879 3089 1212 3186 praeligari
1251 3090 1662 3185 praecipiens.
