2941 4807
2764 0 2888 341 l

517 439 628 478 ιω
1010 424 1075 477 c,
1114 422 1346 481 PLlNu
1389 423 1582 481 ms'r.
1628 422 1804 480 NAT.
1843 422 1983 481 Lm.
2009 424 2167 479 xvi:
2218 497 2223 502 .

618 781 730 852 32.
773 783 896 850 Est
926 780 998 848 in
1030 746 1344 875 exemplis
1365 830 1384 866 ‚
1416 795 1485 848 et
1522 780 1663 853 sine
1690 795 2115 876 tempestate,
2156 747 2373 853 ullave
2405 752 2606 850 causa

522 923 652 993 alia
683 946 885 1017 quam
927 920 1215 1017 prodigii
1247 972 1267 1009 ,
1309 922 1624 992 cecidisse
1652 922 1925 1012 multaS,
1961 947 2040 992 ac
2078 946 2196 992 sua
2231 937 2469 1018 sponte
2501 949 2606 992 re-

500 1038 904 1141 surrexisse.
946 1071 1228 1174 Factum
1261 1068 1391 1137 hoc
1413 1064 1659 1163 populi
1676 1058 1936 1138 romani
1967 1068 2348 1159 Quiritibus
2379 1082 2606 1136 osten·

525 1227 671 1285 tum
710 1212 1067 1281 Cimbricis
1102 1209 1294 1288 bellis
1336 1213 1648 1288 Nuceriae
1684 1213 1754 1280 in
1803 1211 1956 1281 luco
2005 1210 2328 1300 Junoni's,
2368 1210 2556 1283 ulmo
2585 1265 2606 1299 ‚

523 1369 878 1450 postquam
913 1355 1114 1422 etiam
1150 1379 1468 1445 cacumen
1502 1369 1924 1455 amputatum
1956 1369 2097 1424 erat
2120 1406 2142 1443 ,
2175 1355 2493 1447 quoniam
2537 1356 2608 1427 in

525 1522 711 1575 aram
750 1497 1507 1592 ipsamprocumbebat,
1546 1498 1859 1567 restituta
1900 1512 2184 1591 sponte,
2222 1497 2330 1566 ita-
2350 1510 2433 1573 ut
2452 1522 2611 1591 prof-

525 1643 710 1711 tinus
754 1641 1025 1711 floreret
1056 1667 1073 1709 :
1125 1666 1166 1710 a
1212 1665 1346 1735 quo
1391 1639 1632 1709 deinde
1680 1656 1978 1735 tempore
2023 1624 2330 1733 majestas
2373 1639 2609 1736 populi

526 1786 791 1855 romani
832 1783 1195 1853 resurrexit
1218 1833 1237 1870 ‚
1284 1762 1433 1877 quae
1488 1788 1644 1852 ante
1700 1799 1961 1853 vastata
2014 1782 2311 1853 cladibus
2366 1784 2607 1859 fuerat.

524 1933 940 2000 Memoratur
965 1929 1096 1998 hoc
1130 1912 1304 2035 idern
1345 1926 1598 1998 facturn
1631 1945 1698 1998 et
1728 1932 1799 1997 in
1826 1927 2191 2023 Philippis,
2228 1916 2425 1998 salice
2456 1954 2613 2025 pro-

529 2072 726 2142 cidua
761 2088 964 2171 atque
1016 2071 1409 2145 detruncata
1445 2099 1461 2141 :
1507 2088 1571 2171 et
1618 2073 1895 2167 Stagiris
1947 2074 2017 2141 in
2069 2074 2309 2142 Museo
2356 2074 2613 2168 populo

528 2214 719 2293 alba:
747 2215 974 2290 omnia
999 2214 1196 2287 fausti
1227 2213 1648 2291 ominiS.·Sed
1665 2216 1951 2313 maxime
1973 2216 2249 2301 mirum,
2274 2214 2612 2285 Antandri

526 2358 844 2455 platanus
880 2360 1084 2433 etiam
1124 2355 1619 2430 circumdolatis
1666 2356 1985 2429 lateribus
2023 2358 2335 2437 restibilis
2373 2377 2615 2456 sponte

528 2483 731 2592 sacta,
758 2506 1039 2600 vitaeque
1061 2502 1322 2572 reddita
1346 2500 1768 2597 longitudine
1793 2504 2170 2598 quindecim
2197 2506 2613 2598 cubitorum,

530 2645 964 2726 crassitudine
995 2662 1288 2746 quatuor
1318 2641 1653 2725 ulnarum.

531 3135 760 3214 Quibus
787 3134 978 3202 modis
999 3147 1204 3212 sponte
1234 3146 1540 3194 nascuntur
1560 3136 1828 3203 arbores.
1856 3135 2085 3198 Nahum
2102 3130 2436 3197 differentiae
2451 3170 2468 3199 ,
2492 3147 2614 3185 non

925 3205 947 3253 i
1165 3233 1358 3290 omnia
1393 3234 1606 3307 ubique
1640 3231 1980 3307 generantis.
2008 3247 2013 3254 ⁴

625 3461 869 3529 LVIII.
898 3460 1221 3548 ArboreS,
1257 3484 1423 3553 quas
1448 3473 1707 3542 naturae
1731 3457 2118 3545 debeamus,
2149 3456 2362 3525 tribus
2394 3454 2612 3528 modis

531 3616 943 3688 nascuntur:
973 3619 1244 3699 sponte,
1272 3618 1391 3673 aut
1429 3603 1712 3688 semine,
1753 3614 1868 3670 aut
1900 3601 1984 3669 ab
2018 3600 2258 3669 radice.
2276 3601 2463 3668 Cura
2488 3623 2614 3666 nu-

528 3751 854 3822 merosior
886 3743 1177 3818 exsistit:
1216 3748 1298 3822 de
1337 3767 1470 3844 qua
1505 3771 1626 3820 suo
1668 3745 1962 3819 dicemus
2004 3744 2387 3822 volumine:
2433 3739 2613 3814 nunc

529 3892 709 3964 enim
740 3905 922 3960 totus
963 3914 1180 3962 sermo
1216 3888 1298 3958 de
1331 3903 1573 3962 natura
1613 3903 1743 3977 est,
1778 3883 2006 3988 multis
2043 3885 2258 3955 modis
2296 3888 2613 3981 mirisque

526 4034 964 4148 memorabili.
1005 4037 1314 4134 Namque
1349 4060 1487 4108 non
1528 4035 1752 4105 omnia
1784 4032 1852 4105 in
1888 4031 2198 4102 omnibus
2233 4030 2398 4101 locis
2432 4033 2614 4126 nasci
